3134 4367
300 442 358 500 100
484 408 487 412 ’
675 445 894 505 Τενκννοα

297 587 478 698 άναίτείσας
491 624 559 686 τῶν
576 613 768 707 ὑπηρετῶν,
783 621 972 709 δηλητηρίῳ
991 616 1152 705 χρήσηται
1167 644 1257 705 φαρ-

268 724 403 814 εμάκῳ.
444 722 548 811 ταότη
567 727 654 808 γοῦν
672 722 729 790 καὶ
750 719 812 807 τήν
834 717 1031 806 ὁδοιπορίαν
1054 726 1102 788 ἔτι
1128 728 1256 808 μᾶλλον

296 823 447 914 ήπειγον,
461 820 658 911 ἀδεέστερον
675 823 829 910 ἑκάτερος
842 823 1027 912 βιώσεσθαι
1042 829 1255 910 προσδοκῶν,

298 936 330 999 εἰ
349 932 386 998 ἐν
405 934 445 1016 τή
458 923 564 1016 Ῥιόμη
584 929 735 1014 γένοιντο
756 928 813 995 καλ
833 924 873 995 τά
893 934 1045 1015 βασίλεια
1066 927 1256 1015 διελόμενοι

297 1037 334 1102 ἐν
347 1037 486 1121 πλατείᾳ
500 1032 555 1098 καλ
570 1036 676 1119 πολλή
695 1029 822 1117 οἰκήσει
842 1033 898 1099 καλ
918 1031 1024 1116 πάσης
1041 1029 1170 1111 πόλεως
1182 1038 1257 1119 μεί-
1273 1062 1286 1110 τ

296 1146 367 1219 ζονι
379 1130 461 1202 καθ’
477 1130 599 1202 ἑαυτὸν
619 1132 772 1220 ἑκάτερος
787 1133 896 1220 διάγοι
909 1129 953 1212 ὡς
968 1129 1135 1220 βούλοιτο.

269 1255 287 1309 3
398 1233 442 1316 ὡς
457 1236 495 1305 δὲ
510 1232 671 1323 ἀφίκοντο
686 1239 719 1316 ἐς
737 1234 799 1322 τήν
812 1232 990 1323 Ῥιόμην,ό
1010 1263 1045 1303 τε
1067 1242 1172 1324 δήμος
1194 1232 1258 1305 αύ-

296 1339 374 1421 τούς
394 1344 626 1427 δαρνηφορῶν
640 1334 820 1420 ὑπεδέξατο
834 1336 856 1425 ή
871 1367 907 1408 τε
925 1337 1109 1426 σύγκλητος
1130 1362 1258 1428 προση-

296 1444 469 1533 γόρευσεν.
498 1438 643 1530 ἡγοῦντο
664 1438 697 1511 δ’
720 1438 818 1511 αὐτοὶ
837 1442 899 1530 μὲν
921 1439 983 1528 τήν
1002 1449 1175 1530 βασίλειον
1197 1444 1258 1530 φέ-

298 1573 413 1635 ροντες
429 1542 628 1633 πορφύραν,
651 1550 783 1614 εἵποντο
799 1541 831 1613 δ’
850 1542 993 1615 ὄπισθεν
1014 1541 1129 1624 αὐτοῖς
1143 1550 1180 1614 οἰ
1197 1544 1256 1631 τήν
1274 1577 1295 1616 ιι

299 1647 429 1719 ὕπατον
442 1645 548 1737 άρχήν
560 1648 635 1717 τότε
650 1650 837 1735 διέποντες,
852 1648 983 1735 κάλπην
997 1651 1158 1736 (γέροντες
1174 1655 1257 1717 ἔνθα

299 1744 342 1842 ήν
358 1750 399 1821 τά
411 1752 568 1841 Σεεήρου
583 1758 733 1834 λείψανα.
761 1756 846 1820 οἵτε
861 1751 1167 1839 προσαγορεύοντες
1181 1750 1258 1830 τοὺς

299 1859 398 1934 νέους
413 1851 658 1942 αὐτοκράτορας
673 1853 850 1942 παριόντες
863 1856 919 1924 καὶ
933 1852 995 1942 τήν
1008 1855 1140 1942 κάλπην
1154 1875 1258 1943 προσ-

268 1973 286 2025 4
303 1958 458 2027 εκόνουν.
510 1960 643 2043 ἐκείνην
656 1956 717 2044 μέν
728 1948 792 2025 οὖν
804 1960 1093 2046 παραπέμψαντες,
1105 1959 1163 2026 καλ
1176 1984 1258 2045 προ-

300 2059 551 2148 πομπεάσαντες
565 2056 678 2147 αὐτῆς,
689 2055 855 2128 ἀπέθεντο
869 2064 906 2129 ἐν
920 2067 965 2152 τῷ
974 2068 1040 2152 νεῷ
1055 2068 1142 2130 ἐνθα
1156 2060 1256 2148 Μάρ-
1273 2081 1291 2122 15

300 2191 364 2233 κον
383 2190 419 2232 τε
438 2164 496 2231 καὶ
515 2169 583 2231 τῶν
605 2161 669 2250 πρό
692 2158 798 2231 αὐτοῦ
820 2166 985 2251 βασιλέων
1013 2160 1087 2251 λερά
1107 2164 1257 2252 μνήματα

302 2273 490 2336 δείκνυται·
505 2268 751 2345 ἐπιτελέσαντες
761 2265 799 2335 δὲ
809 2263 867 2345 τάς
876 2269 1115 2354 νενομισμένας
1125 2272 1258 2355 ἰερουρ-

302 2377 377 2459 γίας
398 2370 452 2438 ἐπὶ
472 2384 542 2447 ταῖς
555 2376 742 2456 βασιλικαῖς
760 2369 903 2449 εἰσόδοις
924 2365 1077 2457 άυήλθον
1096 2374 1130 2452 ἐς
1143 2368 1185 2439 τά
1199 2376 1258 2456 βα-

275 2482 422 2544 5σίλεια.
475 2468 662 2560 διελόμενοι
687 2473 725 2542 δὲ
751 2468 837 2541 αὐτὰ
858 2472 1010 2560 ἑκάτερος
1032 2469 1127 2564 ᾤκει,
1151 2500 1258 2558 παρα-

303 2577 504 2667 φράττοντές
520 2602 556 2644 τε
571 2576 675 2656 πάσας
690 2575 859 2662 εἰσόδους,
882 2586 916 2644 εἰ
928 2603 1016 2655 τινες
1030 2567 1116 2662 ἦσαν
1130 2576 1257 2645 λανθά-
1272 2603 1291 2643 τι

303 2681 438 2767 νουσαι,
453 2680 570 2768 μόναις
584 2680 621 2748 δὲ
637 2695 707 2760 ταῖς
721 2685 892 2767 δημοσίοις
905 2681 963 2747 καί
975 2676 1123 2759 αὐλείοις
1138 2675 1259 2766 άνέδην

303 2781 484 2872 χρεόμενοι,
508 2783 659 2870 φρουράς
685 2811 719 2851 τε
746 2783 978 2869 ἐπιστήσαντες
998 2788 1069 2875 ἰδίᾳ
1097 2783 1258 2870 ἑκάτερος,

303 2883 385 2955 οὐδὲ
405 2883 578 2963 συνιόντες
597 2891 629 2953 εἰ
647 2884 691 2972 μή
706 2884 789 2972 πρὸς
803 2882 934 2971 ὀλίγον,
955 2882 1037 2954 ὅσον
1050 2890 1211 2976 δημοσίᾳ,
1233 2893 1263 2953 εἰ

304 3014 399 3073 ποτε,
424 2983 585 3074 ὀφθῆναι.
609 2990 805 3057 ἐπετέλεσαν
825 2988 863 3056 δέ
884 2986 948 3075 πρὸ
969 2984 1128 3057 ἁπάντων
1148 2988 1210 3077 τήν
1229 2990 1259 3066 ἐς

304 3089 363 3161 τόν
376 3088 623 3177 πατέρατιμήν.
1270 3109 1290 3152 ιε

276 3203 294 3261 2
409 3200 489 3272 ἔθος
515 3191 578 3288 γάρ
605 3194 674 3259 ἐστι
689 3187 859 3278 Ῥωμαίοις
884 3192 1069 3276 ἐκθειάζειν
1096 3183 1259 3281 βασιλέων

307 3295 385 3377 τούς
399 3297 453 3366 ἐπὶ
467 3297 561 3364 παισὶ
576 3291 744 3381 διαδόχοις
757 3294 1032 3383 τελευτήσαντας·
1054 3297 1116 3386 τήν
1135 3324 1172 3366 τε
1192 3324 1258 3365 τοι·

307 3398 414 3488 αάτην
428 3396 526 3487 τιμήν
545 3394 739 3467 ἀποθέωσιν
761 3406 912 3468 καλοῦσι.
949 3403 1152 3488 μεμιγμένον
1172 3402 1212 3470 δέ
1230 3426 1258 3467 τι

307 3504 433 3583 πένθος
459 3504 557 3592 ἑορτή
578 3503 633 3570 καὶ
653 3508 818 3593 θρησκείᾳ
837 3500 920 3571 κατά
942 3510 1052 3572 πᾶσαν
1074 3502 1143 3591 τήν
1164 3503 1259 3574 πόλιν

276 3621 292 3672 2
308 3612 490 3676 δείκνυται.
541 3601 578 3674 τό
593 3605 655 3693 μέν
667 3603 731 3693 γάρ
747 3611 841 3693 σῶμα
855 3612 916 3675 τοῦ
930 3605 1188 3692 τελευτήσαντος
1201 3632 1258 3675 πο-
1272 3626 1291 3668 υ

307 3718 440 3780 λυτελεῑ
452 3715 570 3800 κηδείγ
584 3709 857 3779 καταθάπτουσιν
870 3707 1063 3799 ἀνθρώπων
1078 3710 1187 3802 νόμῳ·
1202 3735 1259 3795 κη-

291 3820 365 3898 ροῦ
377 3814 418 3885 δέ
428 3814 641 3906 πλασάμενοι
655 3809 768 3886 εἰκόνα
789 3812 894 3883 πάντα
913 3808 1032 3899 ὁμοίαν
1051 3820 1098 3905 τῷ
1112 3822 1259 3883 τετελευ-
