3134 4367
676 442 847 503 οιυοοα
1045 419 1054 434 ’
1176 433 1241 499 '191

283 619 396 703 μαίων
416 608 523 700 άρχήν
536 613 652 700 μηκέτι
671 618 740 682 τῶν
756 615 794 681 ἐν
809 608 930 702 Ἰταλία
942 610 1073 682 πόλεων
1085 608 1107 702 ή
1123 620 1243 703 τειχῶν

282 713 304 805 ή
318 713 437 787 ὅπλων
450 722 656 804 δεηθεισῶν,
672 721 922 805 μετειληφυιύν
943 713 981 784 δὲ
1000 712 1075 785 άυτλ
1087 719 1243 806 πολέμων

284 818 425 910 εἰρήνην
445 827 590 906 βαθεῖαν
609 819 666 887 καί
693 825 751 907 τής
777 817 868 907 παρὰ
889 814 1058 906 Ῥωμαίοις
1078 827 1243 903 πολιτείας

282 927 482 994 κοινωνίαν·
510 919 599 1008 πλὴν
612 920 686 991 τότε
702 918 723 1011 ή
736 929 831 1010 χρεία
850 919 963 1010 ἤπειξε
982 919 1019 991 τὸ
1033 936 1138 1008 τεῖχος
1156 920 1272 1000 ἄνα-5

255 1022 479 1097 ινεάσασθαι
493 1024 534 1094 τά
546 1020 578 1093 τ’
596 1027 725 1113 ἐρείπια
745 1021 1021 1114 ἀνοικοδομῆσαι,
1042 1025 1195 1115 πύργους
1207 1054 1243 1097 τε

281 1131 340 1199 καί
357 1127 507 1211 ἐπάλξεις
527 1131 662 1217 ἐγεῖραι.
688 1128 823 1215 τάχιστα
837 1119 900 1198 ούν
916 1128 1100 1217 φράξαντες
1115 1134 1162 1222 τῷ
1175 1137 1243 1199 τεί-

280 1260 332 1320 χει
355 1229 419 1319 τήν
440 1230 555 1318 πόλιν,
578 1229 636 1311 τάς
658 1258 694 1300 τε
715 1232 823 1312 πύλας
845 1239 1053 1319 κλείσαντες,
1077 1235 1244 1321 πανδημεί

280 1336 419 1405 ἐπὶτῶν
432 1340 552 1422 τειχῶν
564 1334 697 1423 νύκτωρ
709 1363 745 1405 τε
761 1337 818 1404 καί
831 1331 912 1422 μεθ’
928 1331 1055 1425 ἡμέραν
1069 1338 1243 1425 ἱδρυμένοι

280 1453 351 1518 τοῖς
364 1443 565 1527 προσιοῦσιν
582 1433 799 1526 άπεμάχοντο.
836 1439 1062 1527 ἐστρατήγουν
1076 1439 1114 1507 δὲ
1127 1435 1242 1509 αύτεῖν

246 1560 265 1600 ¹⁰
280 1544 338 1611 καί
353 1540 462 1612 πάντα
476 1539 564 1628 εἶχον
580 1538 637 1610 διά
650 1546 830 1630 φροντίδος
848 1538 968 1631 άνδρες
982 1540 1056 1628 δύο,
1072 1538 1137 1612 άπὸ
1152 1538 1241 1611 ύπα-

280 1651 371 1725 τείας
385 1647 463 1733 μέν,
479 1647 710 1731 ἐπιλεχθέντες
724 1644 762 1713 δέ
775 1639 843 1713 ὑπὸ
857 1652 915 1733 τῆς
929 1643 1134 1732 συγκλήτου·
1158 1636 1241 1716 ύνό

279 1748 343 1837 μέν
358 1742 576 1835 Κρισπῖνοςδ
596 1747 633 1815 δέ
654 1755 853 1836 Μηνίφιλος
869 1751 1028 1817 ἐκαλεῖτο.
1080 1749 1138 1817 καλ
1158 1747 1273 1837 μετὰο
1305 1775 1308 1781 ·

279 1857 406 1940 πολλῆς
420 1856 579 1939 προνοίας
592 1850 633 1919 τά
648 1878 683 1920 τε
696 1850 866 1940 ἐπιτήδεια
885 1851 1092 1939 πάμπλειστα
1112 1858 1240 1921 εἰσεκο-

279 1960 439 2042 μίσαντο,
455 1951 499 2035 ιδς
512 1955 682 2024 ἐκτένειαν
696 1953 847 2041 εἷναι,εί
833 1957 915 2024 ίκαὶ
928 1956 1221 2045 ἐπιμηκεστέρα’
1182 1983 1239 2056 γεῆ

249 2084 262 2125 ε
280 2085 372 2127 νοιτο
387 2064 574 2146 πολιορκία.
602 2047 646 2146 ἦν
660 2058 698 2127 δὲ
710 2061 767 2129 καί
783 2054 906 2140 ύδατος
926 2056 1078 2146 ιἰφθονιά
1100 2086 1240 2147 φρεατι-

278 2167 372 2231 αίου
387 2158 494 2230 πολλά
508 2157 573 2249 γάρ
586 2158 627 2230 τά
640 2158 812 2250 ὀρύγματα
821 2164 858 2231 ἐν
867 2191 906 2253 τη
892 2162 1030 2232 πόλει
1045 2162 1190 2250 ποταμός
1205 2190 1238 2231 τε

278 2279 448 2355 παραρρεῖ
458 2266 494 2332 τδ
509 2279 630 2351 τεῖχος,
644 2261 730 2353 ὁμοῦ
750 2267 905 2354 παρέχων
926 2292 962 2335 τε
984 2263 1156 2356 προβολήν
1178 2265 1238 2334 τά-

278 2395 370 2456 φρου
385 2369 441 2436 καὶ
454 2372 614 2456 χορηγίαν
626 2364 760 2450 ύδατος.

381 2468 421 2540 τά
438 2470 500 2559 μέν
513 2462 576 2540 ούν
589 2475 627 2540 ἐν
639 2480 680 2562 τῇ
694 2472 789 2541 πόλει
803 2466 891 2539 οὕτω
906 2469 1171 2558 παρεσκεύαστο·
1191 2477 1236 2560 τῷ
1249 2476 1268 2537 3

246 2600 262 2640 ε
279 2574 318 2645 δὲ
332 2576 514 2666 Μαξιμίνφ
529 2571 644 2662 ἐπειδή
665 2571 835 2662 άπηγγέλη
856 2574 1094 2659 φρουρουμένη
1111 2573 1167 2639 καὶ
1181 2599 1238 2640 κε-

277 2680 458 2766 κλεισμένη
472 2684 634 2764 γενναίως
647 2672 668 2764 ή
682 2677 787 2762 πόλις,
802 2677 895 2756 ἔδοξε
908 2675 1034 2761 πέμψαι
1049 2677 1086 2743 ἐν
1100 2673 1238 2761 σχήματι

277 2787 458 2868 πρεσβείας
472 2777 551 2861 τούς
564 2779 720 2850 κάτωθεν
738 2780 1008 2867 διαλεξομένους,
1028 2782 1060 2846 εί
1079 2773 1144 2866 άρα
1162 2786 1238 2847 πεί-

275 2906 373 2953 σαιεν
386 2880 511 2963 αύτούς
525 2880 652 2966 ἀνοῖξαι
666 2881 723 2964 τάς
736 2883 853 2963 πύλας.
889 2871 933 2971 ήν
946 2880 984 2950 δέ
997 2882 1034 2949 ἐν
1047 2887 1093 2974 τῷ
1108 2889 1237 2971 στρατῷ

276 2995 446 3075 χιλίαρχος
460 2977 488 3080 ᾦ
504 2989 622 3077 πατρὶς
634 2987 696 3075 μὲν
714 2984 736 3075 ή
751 2983 909 3073 Ἀκυληία
928 2974 987 3072 ήν,
1006 2986 1106 3054 τέκνα
1124 3003 1159 3054 ’τε
1179 2988 1236 3054 καί

247 3111 261 3152 ⁵
278 3089 366 3180 γυνή
381 3097 502 3160 οἰκεῖοί
520 3118 555 3159 τε
570 3090 690 3171 πάντες
704 3096 805 3161 ένδου
819 3086 1060 3162 άπεκέκλειντο.
1113 3095 1234 3158 τούτου
1249 3107 1265 3158 2

277 3184 343 3262 ούν
357 3199 484 3281 έπεμψε
498 3191 563 3263 σύν
577 3196 700 3285 ἑτέροις
710 3193 973 3282 ἑκατοντάρχαις,
983 3195 1118 3272 ἐλπίσας
1132 3195 1234 3283 ῥᾷστα

276 3303 409 3367 πείσειν
423 3293 467 3376 ὡς
480 3304 630 3386 πολίτην.
660 3294 859 3386 άφικόμενοι
880 3296 918 3366 δὲ
935 3300 972 3363 οί
988 3297 1143 3384 πρέσβεις
1161 3302 1235 3365 έλε-

277 3428 340 3488 γον
348 3397 401 3470 ὅτι
414 3397 479 3490 άρα
492 3401 623 3469 κελεύει
633 3395 848 3489 Μαξιμίνοςδ
862 3396 974 3478 κοινὸς
983 3397 1140 3485 βασιλεύς
1148 3395 1235 3468 ὅπλα

275 3503 339 3592 μὲν
353 3500 479 3584 αύτούς
493 3506 703 3574 καταθέσθαι
717 3507 754 3573 ἐν
769 3503 901 3593 εἰρήνη,
917 3508 1018 3587 φίλον
1032 3501 1070 3571 δὲ
1083 3499 1157 3571 άυτί
1171 3527 1234 3570 πο-

246 3614 397 3695 αλεμίου
421 3610 592 3733 δέχεσθαι,
617 3612 824 3689 σπονδαῖςδ
805 3607 842 3678 δὲ
873 3611 1000 3697 μᾶλλον
1026 3606 1087 3675 κοιλ
1106 3609 1253 3676 θυσίαις

270 3706 479 3796 ὅίθλαίννά
487 3738 616 3801 φονοις,
626 3712 718 3806 μηδὲ
728 3741 852 3811 περιορ
853 3708 1280 3826 &mmmmm

253 3804 364 3893 άρδην
373 3812 433 3878 καί
448 3814 489 3882 ἐκ
505 3825 687 3908 θεμελίων
712 3818 978 3914 ἀπόλλυσθαι,
1002 3813 1088 3890 ὲνον
1115 3802 1249 3877 αυτοῖς
1268 3813 1315 3857 τε
