3134 4367
711 430 857 491 ΕΚΤΟΝ
1204 430 1261 491 151

302 600 440 690 Πέρσην
454 600 510 668 καὶ
527 603 605 692 περὶ
620 599 754 689 εἰρήνης
767 603 823 671 καί
833 605 946 691 φιλίας
956 603 1185 689 διαλέγεσθαι·
1202 600 1264 692 ήλ-

301 712 375 787 πιζε
388 699 454 791 γὰρ
473 700 578 773 αύτδν
594 712 724 773 πείσειν
745 699 767 793 ή
788 705 951 793 φοβήσειν
970 701 1071 786 αύτδς
1090 703 1219 797 παρόν.
1244 704 1263 777 ὁ

303 806 342 876 δέ
363 805 534 895 βάρβαρος
553 805 630 888 τούς
649 807 712 896 μέν
731 811 887 897 πρέσβεις
904 814 972 876 τῶν
992 803 1159 894 Ῥωμαίων
1181 807 1264 879 ἆπέ-

304 924 437 997 πεμψεν
452 906 656 999 ἀπράκτους,
681 907 781 991 αύτδς
799 911 837 980 δὲ
858 910 1090 998 ἐπιλεξάμενος
1108 938 1264 999 τετρακο-

273 1034 287 1071 ⁶
303 1020 399 1091 σίους
412 1018 556 1099 Περσῶν
570 1012 649 1093 τούς
663 1020 855 1102 μεγίστους,
878 1018 1001 1102 έσθήσί
1018 1040 1054 1082 τε
1069 1018 1264 1085 πολυτελέσι

302 1116 359 1185 καὶ
374 1121 489 1207 χρυσῷ
506 1120 773 1204 κεκοσμημένους
786 1122 899 1186 ἵππων
916 1118 1021 1187 τεκαὶ
1034 1116 1140 1199 τόξων
1156 1145 1265 1205 παρα-

303 1225 425 1307 σκευή,
449 1220 605 1306 πρέσβεις
630 1227 757 1308 έπεμψε
784 1217 930 1309 δήπρὸς
953 1218 1012 1289 τόν
1033 1216 1262 1309 Ἀλέξανδρον,

302 1320 524 1407 καταπλήξειν
537 1325 665 1409 οἰηθεὶς
678 1320 756 1402 τούς
768 1319 947 1411 Ῥωμαίους
955 1329 996 1412 τή
1010 1349 1045 1391 τε
1059 1319 1135 1404 όψει
1148 1325 1204 1392 καὶ
1217 1331 1263 1414 τῷ

303 1423 443 1512 σχήματι
465 1431 533 1493 τῶν
548 1432 703 1515 Περσων.
756 1432 850 1514 ἔλεγε
870 1422 904 1494 δ’
928 1422 949 1514 ή
972 1433 1133 1514 πρεσβεία
1149 1423 1201 1495 ότι
1221 1417 1293 1514 δήὸ

266 1554 288 1594 ιο
303 1526 436 1595 κελεύει
454 1528 556 1615 μέγας
570 1527 727 1616 βασιλεύς
740 1524 950 1616 Ἀρταξέρξης
967 1526 1174 1616 ἀφίστασθαι
1186 1526 1272 1597 Ῥω-’

303 1637 424 1718 μαίονς
437 1657 473 1698 τε
492 1633 548 1700 καὶ
567 1629 627 1700 τὸν
649 1629 792 1719 ύρχοντα
808 1628 923 1700 αὐτῶν
940 1639 1068 1718 Συρίας
1083 1660 1119 1700 τε
1137 1629 1264 1719 ἆπύσης

300 1730 412 1813 Ἀσίας
424 1760 461 1802 τε
474 1741 531 1821 τῆς
544 1730 694 1824 Εύρύπη
709 1731 955 1823 ἀντικειμένης,
976 1737 1069 1802 έόισαι
1089 1735 1128 1804 δέ
1150 1731 1265 1823 ἄρχειν

303 1839 436 1925 Πέρσας
450 1839 562 1926 μέχρις
577 1834 704 1918 Ἰωνίας
717 1864 753 1906 τε
766 1839 823 1907 καὶ
838 1844 967 1925 Καρίας
979 1840 1037 1906 καί
1055 1833 1117 1906 ὅσα
1132 1845 1263 1930 Αίγαίφ

304 1941 361 2008 καὶ
374 1940 496 2032 Πόντῳ
512 1947 596 2028 ἔθνη
611 1945 802 2033 διαιρεῖται
829 1939 915 2011 εἶναι
934 1938 999 2030 γόιρ
1015 1936 1100 2010 αύτόι
1120 1948 1263 2028 Περσῶν
1331 1931 1333 1938 ¹

265 2072 287 2113 ιε
304 2040 492 2136 προγονικὰ
504 2043 660 2131 κτήματα.
711 2044 850 2115 τοιαύτά
863 2071 938 2114 τινα
958 2050 1026 2113 των
1040 2052 1262 2134 τετρακοσίων
1277 2053 1294 2107 6

302 2148 478 2235 πρέσβεων
491 2144 774 2236 ἀπαγγειλάντων,
783 2148 914 2217 κελεύει
928 2143 946 2217 δ
958 2143 1172 2238 Ἀλέξανδρος
1185 2146 1264 2229 τούς

302 2256 539 2339 τετρακοσίους
567 2258 823 2340 συλληφθῆναι,
844 2252 901 2319 καὶ
919 2249 1142 2341 παρελόμενος
1157 2250 1264 2339 πόσης

302 2360 361 2441 τῆς
374 2354 606 2442 περικειμένης
625 2349 747 2442 σκευῆς
763 2358 796 2435 ές
815 2360 970 2445 Φρυγίαν
988 2355 1163 2442 ἐξέπεμψε,
1182 2352 1263 2433 δούς

303 2456 417 2543 κώμας
431 2484 466 2525 τε
480 2462 586 2525 οίκεῑν
605 2459 662 2525 καὶ
680 2456 793 2546 χώραν
813 2472 994 2546 γεωργεῖν,
1014 2457 1179 2544 τοσαύτην
1200 2451 1264 2524 αύ-

261 2588 288 2629 εο
303 2574 373 2639 τοῖς
387 2561 517 2639 ἐπιθεὶς
530 2566 693 2646 τιμωρίαν
703 2556 747 2639 ὡς
761 2565 875 2628 οίκαδε
888 2557 933 2647 μή
948 2560 1163 2627 ἐπανελθεῖν·
1179 2554 1264 2625 ιἰπο-

303 2677 432 2732 κτεῖναι
446 2661 509 2751 γὰρ
531 2659 670 2731 ιἰνόσιον
693 2663 749 2730 καὶ
767 2658 808 2729 ού
829 2660 920 2730 πάνυ
941 2658 1099 2747 ἀνδρείαν
1117 2656 1262 2748 ήγήσατο

302 2765 384 2854 μήτε
397 2766 604 2853 μαχομένους
619 2761 726 2833 καὶτὰ
738 2764 965 2833 κελευσθέντα
979 2758 1045 2833 ὑπὸ
1059 2770 1121 2832 τού
1134 2764 1263 2833 έαντων

303 2868 470 2938 δεσπότου
484 2866 713 2956 ἀγγείλαντας.
748 2929 754 2950 ,

405 2971 535 3040 τούτων
549 2968 591 3059 δή
605 2967 693 3041 ούτω
707 2970 959 3061 πραττομένων,
974 2969 1262 3057 παρασκευαζομέ-
1282 2982 1297 3037 ῖ

262 3110 289 3151 π
304 3102 368 3144 νου
383 3102 419 3143 τε
438 3082 497 3143 τού
516 3071 737 3165 Ἀλεξάνδρου
752 3075 810 3143 καὶ
823 3078 981 3161 διαβῆναι
1000 3070 1078 3151 τοὺς
1096 3069 1264 3159 ποταμούς

303 3184 338 3258 ές
350 3205 387 3247 τε
403 3176 465 3265 τήν
479 3177 651 3266 βάρβαρον
666 3184 730 3266 γῆν
743 3174 803 3245 τὸν
824 3174 967 3267 στρατὸν
986 3180 1175 3263 διαγαγεῖν,
1191 3176 1264 3263 ε’γέ-

302 3280 405 3350 νοντό
419 3308 507 3362 τινες
520 3283 576 3349 καὶ
596 3278 793 3367 ἀποστάσεις
813 3284 1041 3368 στρατιωτῶν,
1060 3274 1125 3347 ἆπό
1144 3303 1180 3346 τε
1200 3284 1265 3346 Αί-

303 3383 437 3473 γύπτον
451 3383 677 3472 ἐληλυθότων,
692 3380 776 3451 ιἰλλίι
790 3379 857 3469 μήν
870 3382 927 3450 καὶ
941 3387 1009 3449 τῶν
1022 3379 1105 3449 κατὰ
1118 3388 1263 3471 Συρίαν,
1305 3371 1309 3376 ’

302 3494 548 3575 καινοτομήσαί
569 3513 644 3555 τινα
664 3484 945 3573 ἐπιχειρησόντων
974 3486 1051 3571 περὶ
1078 3481 1140 3570 τήν
1166 3491 1264 3571 βασι-

262 3625 288 3668 ³0
303 3598 420 3661 λείαν·
435 3598 470 3659 οἳ
480 3592 602 3677 ταχέως
612 3590 828 3678 φωραθέντες
842 3584 1082 3675 ἐκολάσθησαν.
1111 3582 1194 3652 ἀλλὰ
1207 3590 1267 3650 καί

302 3722 380 3763 τινα
400 3700 470 3761 ταῖν
488 3693 727 3785 στρατοπέδων
746 3692 953 3786 μετέστησεν
975 3687 1244 3771 &mmm
1258 3684 1300 3754 ἒς
