3134 4367
672 425 852 486 ΠΡΩΤΟΝ
1197 425 1234 486 19

275 597 340 688 λῆν
365 596 566 686 κακούργων
588 600 626 667 έν
650 593 753 692 ὀλίγῳ
778 593 940 688 ἀθροίσας
962 597 1088 693 χρόνω,
1105 595 1145 667 τά
1171 598 1234 687 μὲν

275 707 395 792 πρῶτα
414 701 543 789 κῶμαις
561 728 597 770 τε
616 703 673 770 καὶ
698 698 813 792 ἀγροῖς
840 703 1021 790 ἐπιτρέχων
1043 699 1232 792 ἐλήστευεν,

276 808 349 876 ἐπεὶ
368 806 405 875 δὲ
425 809 561 875 πολλῶν
575 803 753 894 χρημάτων
773 802 933 894 ἐγκρατής
954 806 1102 891 ἐγένετο,
1122 807 1234 894 μεῖζόν

274 938 307 979 τι
332 915 463 997 πλῆθος
482 905 623 998 ἤθροισε
644 908 844 998 κακούργων
862 907 1020 997 μεγάλαις
1038 936 1074 977 τε
1096 913 1234 1000 δωρεῶν

245 1038 259 1079 ,τ
276 1009 475 1101 ὑποσχέσεσι
488 1012 545 1080 καλ
558 1016 627 1080 τῶν
639 1006 868 1101 ἁλισκομένων
881 1019 1052 1103 κοινωνίᾳ,
1063 1006 1106 1089 ῶς
1119 1018 1234 1101 μηκέτι

274 1121 408 1205 ληστῶν
421 1113 505 1185 ἀλλά
519 1116 576 1183 καλ
590 1122 760 1204 πολεμίων
773 1121 862 1203 ἔχειν
875 1112 1012 1203 ἀξίωμα.
1040 1115 1155 1184 πόλεσι
1169 1116 1232 1206 γάρ
1247 1131 1264 1181 2

273 1218 339 1309 ήδη
353 1226 523 1308 μεγίσταις
537 1221 751 1305 ἐπετίθεντο,
774 1221 831 1289 καλ
851 1216 891 1287 τά
913 1222 950 1288 έν
969 1215 1085 1299 αύταῖς
1105 1224 1233 1307 δεσμω-

274 1322 373 1412 τήρια
386 1330 445 1415 βίμ
459 1320 659 1412 ῥηγνύντες,
679 1319 758 1402 τούς
778 1318 834 1410 ἐφ’
858 1320 988 1411 οίαισδῆ
1010 1326 1234 1411 καθειρχθέν-

273 1454 333 1505 τας
355 1432 477 1505 αἰτίαις
498 1429 632 1514 δεσμῶν
652 1428 854 1517 ἐλευθέρους
874 1421 1029 1513 ἀφιέντες
1055 1423 1174 1495 άδειάν
1200 1453 1235 1496 τε

232 1562 257 1602 ιο
272 1524 552 1617 ὑπισχνούμενοι,
574 1525 779 1620 εὐεργεσίαις
800 1532 833 1608 ές
852 1525 913 1618 τῆν
927 1537 1117 1617 συμμαχίαν
1131 1551 1234 1619 προσ-

272 1632 416 1722 ήγοντο·
451 1633 562 1702 πᾶσάν
588 1659 624 1701 τε
650 1633 905 1723 κατατρέχοντες
931 1628 993 1720 τῆν
1018 1638 1157 1701 Κελτῶν
1179 1636 1234 1704 καλ

269 1733 411 1825 Ἰβήρων
431 1734 561 1824 χῶραν,
583 1735 703 1806 πόλεσί
724 1762 760 1804 τε
780 1750 853 1814 ταῖς
879 1742 1048 1823 μεγίσταις
1075 1734 1234 1823 ἐπιόντες,

273 1841 331 1907 καὶ
360 1840 444 1929 μέρη
472 1839 534 1927 μέν
560 1838 801 1930 ἐμπιπράντες,
827 1835 868 1907 τά
890 1838 927 1909 δέ
953 1836 1052 1908 λοιπά
1079 1834 1235 1930 άρπαγῆυ

273 1941 488 2031 ποιούμενοι,
502 1939 706 2032 ἀνεχῶρουν.
759 1937 804 2022 ῶς
826 1942 863 2011 δὲ
884 1946 988 2011 ταῦτα
1008 1942 1163 2031 ἐδηλώθη
1185 1950 1264 2038 τῶὸ

232 2075 257 2115 ιε
273 2044 461 2139 Κομμόδῳ,
482 2043 565 2135 μετά
578 2045 685 2135 πάσης
697 2040 798 2136 ὀργῆς
811 2072 846 2116 τε
860 2048 916 2115 καλ
930 2043 1067 2134 ἀπειλῆς
1083 2048 1232 2117 ἐπιστέλ-

272 2159 324 2219 λει
337 2164 407 2228 τοῖς
420 2154 489 2219 τῶν
509 2152 623 2219 έθνῶν
643 2145 858 2239 ήγουμένοις,
878 2152 1052 2241 ῥᾳθυμίαν
1072 2152 1233 2237 ἐγκαλῶν,

271 2255 329 2322 καὶ
339 2250 470 2321 κελεύει
480 2249 623 2341 στρατὸν
636 2251 689 2322 ἐπ’
706 2249 829 2333 αὐτούς
843 2249 1081 2341 ἀθροισθῆναι.
1101 2254 1231 2341 μαθόν-

273 2383 327 2436 τες
341 2356 379 2425 δέ
394 2357 517 2425 ἐκεῖνοι
531 2355 679 2445 δύναμιν
692 2352 912 2446 άγειρομένην
927 2353 981 2425 ἐπ’
1005 2352 1144 2438 αύτούς,
1165 2362 1234 2426 τῶν

273 2460 335 2547 μὲν
347 2466 482 2549 χωρίων
495 2454 518 2529 ά
531 2458 702 2550 έπόρθουν
722 2456 928 2548 ἀπέστησαν,
942 2459 1104 2538 λαθόντες
1120 2460 1156 2527 δὲ
1178 2456 1235 2527 διά

231 2592 258 2633 ιο
273 2569 407 2649 ταχείας
428 2563 484 2631 καλ
505 2558 631 2659 ἀβάτου
652 2558 846 2652 ὁδοιπορίας
864 2559 938 2630 κατ’
965 2559 1098 2647 ὀλίγους
1119 2558 1234 2650 έςτῆν

268 2662 411 2735 Ἰταλίαν
424 2666 650 2755 παρεδύοντο·
665 2667 721 2734 καὶ
735 2667 812 2755 περὶ
825 2671 996 2753 βασιλείας
1009 2661 1072 2751 ήδη
1088 2665 1146 2732 καλ
1159 2692 1230 2752 μει·

272 2768 379 2851 ζόνων
393 2768 598 2857 πραγμάτων
610 2764 629 2837 ὁ
642 2767 820 2858 Μάτερνος
834 2766 1040 2855 ἐβουλεύετο.
1081 2769 1152 2835 ἐπεὶ
1166 2765 1230 2858 γάρ
1246 2786 1263 2837 4
1335 2777 1338 2784 ‘

272 2868 364 2966 αύτῷ
390 2869 432 2940 τά
457 2873 740 2962 προπεπραγμένα
766 2870 873 2961 πάσης
899 2874 1033 2949 ἐλπίδος
1054 2878 1165 2958 μεῖζον
1191 2863 1234 2960 ῆν
1307 2945 1310 2952 ,

272 2974 552 3068 προχωρήσαντα,
568 2972 664 3068 ῶήθη
686 2981 759 3045 δεῖν
772 2979 857 3065 μέγα
873 3002 905 3044 τι
920 2974 1044 3065 δράσας
1057 2981 1232 3064 κατορθῶ-

232 3111 257 3153 25
274 3098 341 3165 σαι,
355 3072 377 3166 ῆ
392 3080 530 3168 ἐπείπερ
544 3075 629 3163 άπαξ
640 3083 677 3150 έν
690 3079 841 3173 κινδύνῳ
851 3078 1077 3166 καθειστήκει,
1092 3077 1136 3168 μῆ
1150 3076 1231 3168 ἀσή-

272 3210 342 3269 μως
354 3178 435 3269 μηδ’
452 3177 579 3265 ἀδόξως
592 3188 797 3271 τελευτῆσαι.
813 3184 885 3252 ἐπεὶ
899 3182 936 3252 δὲ
947 3177 1038 3275 αύτῶ
1051 3180 1095 3269 μῆ
1110 3183 1231 3252 τοσαύ-

271 3312 334 3373 την
347 3279 514 3374 ύπάρχειν
523 3286 670 3375 δύναμιν
682 3282 795 3374 ῆγεϊτο
805 3282 849 3366 ῶς
862 3288 895 3367 ἐξ
910 3282 1130 3365 ἀντιστάσεως
1142 3293 1232 3375 ἰσορ-

271 3387 381 3477 ρόπου
395 3390 452 3457 καλ
467 3394 615 3478 φανεράς
629 3389 756 3478 ἐφόδου
776 3395 938 3478 συστῆναι
960 3387 1042 3479 πρὸς
1060 3387 1120 3459 τὸν
1140 3390 1231 3478 Κόμ-

271 3495 378 3579 μοδον
391 3490 444 3575 (τό
457 3520 492 3561 τε
506 3490 571 3583 γάρ
585 3498 715 3581 πλῆθος
727 3499 789 3563 τού
804 3488 975 3581 Ῥωμαίων
994 3493 1103 3582 δήμου
1124 3495 1232 3578 ἐλογί-

232 3624 256 3667 ω
272 3602 344 3678 ζετο
364 3591 491 3664 εύνουν
509 3602 559 3665 ἐτι
577 3601 625 3690 τῷ
643 3596 812 3691 Κομμόδμ
837 3591 1004 3685 ύπάρχον,
1026 3596 1088 3685 τήν
1108 3623 1144 3664 τε
1165 3600 1234 3664 τῶν

271 3699 348 3789 περὶ
375 3694 480 3768 αύτόν
507 3698 709 3789 δορυφόρων
736 3697 905 3787 εύνοιαν),
926 3701 1026 3789 τέχνη
1050 3699 1109 3766 καὶ
1133 3702 1243 3784 σοφίη

271 3798 391 3890 ῆλπισε
407 3803 631 3892 περιέσεσθαι.
655 3804 713 3875 καλ
727 3810 922 3899 μηχανᾶται
934 3804 1078 3877 τοιόνδε
1090 3826 1140 3869 τι.
1179 3788 1310 3886 δωρεὴ

1056 3918 1108 3979 εχει
