3134 4367
627 473 838 524 PRAEFATIO·
1223 479 1246 524 V

216 629 282 710 „V.
305 631 343 692 lt.
568 632 696 693 Veteres
718 630 921 706 Membranae‚
944 630 1010 707 vel,
1036 630 1157 693 Vetusta
1183 633 1242 694 lla·

834 715 965 774 crocola.

241 797 280 862 0.
303 799 342 861 hl.
373 627 444 1035 }lt
466 625 551 1034 est{

567 798 847 871 Codexlilediceus,
866 818 902 858 ex
917 798 1100 859 Bibliotheca
1108 801 1241 878 Reginae

807 882 990 942 catharinae.

248 967 280 1028 l..
302 969 340 1029 R.
567 966 654 1028 Liber
666 968 859 1029 Recentior.“

283 1051 355 1112 lude
384 1067 443 1128 ego
469 1053 588 1132 primum
612 1050 643 1130 V,
670 1052 792 1111 alterum
816 1050 865 1128 Μ,
896 1052 1011 1111 tertium
1032 1051 1061 1111 R
1084 1052 1242 1132 appellavi,

216 1135 314 1218 ipsum
328 1136 448 1214 Rigaltii
465 1146 574 1195 textum
585 1136 669 1196 litera
686 1154 704 1194 r
717 1138 865 1213 insignivi.

281 1219 424 1282 «loannes
445 1218 645 1300 Constemus,
674 1222 755 1295 cujus
771 1222 926 1280 editionem
943 1237 1113 1297 quamquam
1132 1219 1243 1298 pluries

218 1307 373 1385 repetitam
389 1306 518 1365 nancisci
535 1322 592 1364 non
609 1304 705 1382 potui,
723 1323 778 1364 nec
789 1322 884 1364 novos
896 1305 959 1381 ipsc
975 1304 1094 1364 codices
1104 1304 1242 1364 habuisse
1268 1367 1281 1380 ,

217 1407 274 1450 nec
291 1388 377 1451 ullam
394 1390 535 1466 „omnino
552 1389 708 1448 verborum
726 1397 814 1466 atque
832 1389 982 1465 depravati
998 1397 1108 1463 tentus,
1127 1389 1180 1448 sed
1196 1407 1242 1449 re·

218 1491 280 1534 rum
303 1481 410 1533 tantum
425 1475 566 1533 rationem
586 1474 614 1531 in
630 1476 690 1532 suis
709 1472 999 1531 commentationibus
1019 1473 1183 1532 habuisse‘6
1199 1473 1240 1532 di·

219 1559 294 1618 citur
309 1576 326 1617 a
341 1555 475 1618 Nicoluo
490 1555 690 1629 Sohwebelio,
706 1558 812 1616 idoneo
830 1575 899 1615 sane
916 1566 1051 1633 auctore,
1068 1559 1178 1634 qirippe
1192 1557 1241 1635 qui

217 1643 246 1714 in
274 1641 495 1719 diligentissima
522 1660 574 1701 sua
600 1642 729 1701 editione
748 1638 976 1718 Norimbergae
991 1657 1017 1701 a.
1042 1637 1239 1701 leCCLXll.

219 1727 326 1786 emissa
357 1727 511 1804 scriptoris
542 1743 557 1784 a
586 1743 619 1784 se
642 1727 723 1801 justo
756 1725 839 1784 nimis
874 1724 1015 1783 aestimati
1049 1741 1106 1783 non
1145 1725 1240 1784 solum

217 1809 317 1870 owbu
344 1819 374 1869 et
397 1809 495 1869 multis
521 1809 632 1869 mendis
659 1810 796 1886 purgavit
817 1818 846 1868 et
872 1809 946 1868 locis
968 1807 1109 1867 similibus
1130 1808 1241 1869 doctis-

218 1894 292 1954 sime
320 1894 489 1972 explanavit
513 1893 565 1953 sed
592 1894 677 1952 etiam
700 1912 752 1953 res
775 1911 828 1972 pro
850 1892 965 1952 illorum
985 1892 1100 1970 quidem
1126 1903 1240 1973 tempo-

217 1995 279 2038 rurn
309 1979 424 2037 ratione
453 1978 577 2054 egregie
607 1979 815 2037 commentario
848 1977 1079 2053 imaginibusque
1112 1978 1239 2038 illustra·

217 2062 268 2122 rit.
297 2059 431 2122 Codices
458 2061 573 2139 quidem
595 2060 797 2121 Sohwebelius
822 2063 886 2141 ipse
912 2061 1011 2121 habuit
1036 2061 1116 2122 duos
1137 2080 1239 2121 recen·

217 2147 326 2223 tiores,
356 2163 477 2224 quorum
493 2163 577 2204 uuum
595 2145 819 2221 „chartaceum
841 2148 1035 2205 recentiorem
1055 2147 1188 2224 quidem,
1210 2155 1242 2207 at

218 2247 256 2292 ex
274 2229 351 2290 libro
369 2229 492 2308 quodam
508 2229 602 2289 ueteri
618 2229 777 2290 Vaticanae
794 2229 1008 2304 bibliothecae,
1037 2240 1066 2289 ut
1086 2239 1152 2289 nota
1167 2230 1238 2289 hlss.

218 2314 313 2376 eidem
328 2313 443 2389 adjecta
459 2314 562 2388 docet,
578 2312 784 2391 descriptum“
801 2332 838 2373 ex
854 2312 1180 2374 Electore'sBooariue
1197 2314 1239 2373 bi·

212 2397 383 2474 bliotheca,
402 2397 552 2472 „alterum
570 2398 640 2456 item
661 2398 846 2457 chartaceum
862 2396 995 2457 codicem
1014 2399 1243 2457 recentiorem“

217 2481 375 2546 adeonae
389 2478 521 2560 Noqelio
540 2482 664 2559 accepit.
692 2482 852 2560 Utrumque
868 2480 1010 2556 codicem,
1029 2500 1113 2558 quem
1130 2479 1238 2540 Boou·

218 2567 319 2628 riwin
341 2565 411 2643 (nos
428 2565 469 2644 Ε)
493 2576 522 2626 et
544 2563 749 2644 Nagelionum
769 2566 839 2640 (nos
860 2563 904 2642 N)
927 2566 1062 2638 vocavit,
1091 2565 1119 2621 in
1141 2564 1239 2624 multis

217 2669 280 2712 oum
302 2651 516 2710 recentioribus
536 2649 656 2727 Rigaltii
674 2648 825 2708 codicibus
843 2648 1015 2724 convenire,
1040 2650 1068 2706 io
1089 2647 1239 2726 plerisque

216 2753 289 2796 vero
307 2735 390 2813 ipsos
408 2736 483 2794 inter
498 2743 595 2794 setam
608 2741 745 2793 accurate
757 2732 944 2809 conspirare,
962 2741 990 2789 ut
1003 2750 1041 2790 ex
1052 2749 1109 2790 rino
1119 2732 1238 2792 eodem·

217 2835 273 2900 que
294 2818 377 2879 ionte
396 2818 572 2897 produxisse
595 2817 762 2894 videantur,
786 2825 869 2876 recte
890 2816 1000 2875 notavit
1018 2815 1237 2877 Sohwebelius.

217 2901 374 2964 Praeterea
401 2902 478 2962 idem
504 2901 602 2962 habuit
621 2901 811 2978 „Florentini
839 2900 986 2976 cujusdam
1009 2902 1120 2961 codicis
1143 2902 1238 2962 uariae

218 2987 407 3065 scripturas“
429 3004 502 3045 -a
523 2986 674 3045 melitera
695 2984 723 3045 F
740 2993 854 3046 notatas
868 3020 928 3064 —‚
958 3003 1030 3063 quas
1051 2987 1124 3064 „vir
1140 2984 1236 3046 celeb.

214 3069 727 3132 bolt.t1ntt.t1nNN1suamanu
747 3070 930 3147 descripsit“
952 3079 982 3128 et
1004 3088 1056 3147 per
1076 3068 1238 3130 Andreum

215 3153 390 3236 Zieglerum
406 3174 470 3216 cum
486 3173 523 3215 eo
536 3155 767 3215 communicavit.
793 3154 851 3214 Sed
868 3154 938 3215 satis
955 3171 1021 3212 raro
1035 3154 1238 3214 Sohwebelius

216 3237 267 3304 heo
284 3240 448 3319 scripturas
463 3239 556 3317 „data
571 3240 729 3299 occasione
744 3238 779 3298 ad
799 3247 898 3318 partes
912 3240 1064 3297 vocavit.“

277 3321 402 3386 Koraia
423 3324 562 3402 denique,
587 3325 635 3401 qui
654 3332 803 3402 postremo
820 3341 844 3382 a.
866 3321 947 3381 1822
963 3323 1081 3381 Parisiis
1096 3322 1173 3399 apud
1188 3322 1237 3382 Di-

217 3405 313 3470 tlotum
328 3408 529 3469 Onesandrum
551 3409 605 3486 (ita
626 3426 690 3466 eum
709 3407 856 3486 appellat)
875 3415 903 3465 ut
921 3401 1237 3489 ΠαρεργώνἙλλη-

216 3493 313 3573 atavia
326 3488 549 3573 βιβλιοθήκης
564 3502 670 3552 tomum
687 3492 814 3570 quintum
834 3490 935 3567 edidit,
952 3498 1061 3549 textum
1077 3488 1237 3551 Sohwebe-

214 3575 340 3656 tason
355 3611 400 3624 —
420 3595 507 3656 quem
526 3594 580 3636 nos
605 3576 689 3635 litera
705 3593 721 3634 s
739 3575 953 3651 designavimus
969 3608 1012 3619 —-
1028 3583 1057 3633 ut
1072 3574 1237 3633 fundamen·

213 3669 272 3722 tum
287 3679 358 3721 suae
377 3655 545 3721 recensioni
561 3659 637 3740 apud
654 3676 709 3719 nos
724 3676 779 3740 per
791 3654 1268 3743 literamltinhicatae<anthimumq

208 3745 248 3805 ito
270 3745 400 3821 quidem,
430 3754 461 3804 ut
477 3744 558 3806 haud
582 3764 682 3828 panca
705 3748 737 3809 in
758 3746 814 3810 illo
836 3747 952 3831 partim
966 3764 1010 3805 en
1025 3742 1162 3802 aliorum
1173 3744 1287 3789 suusne
