3134 4367
325 390 365 453 48
696 394 923 454 AEYTEPON

324 570 441 634 κούνιι
455 565 494 635 δέ
508 567 545 633 ἐν
559 560 700 657 εύπορίμ
712 564 890 654 χρημάτων
908 563 1014 652 εἶναι,
1036 568 1224 659 ἑστιωμένῳ
1239 565 1282 656 δὴ

325 671 402 758 περὶ
424 674 539 757 δείλην
560 669 703 758 ἑσπέραν
723 671 882 756 διηγμέλη
907 667 945 737 τό
963 667 1202 757 στρατιωτικόν
1219 670 1280 759 κή·

324 800 436 861 ρυγμα
449 769 539 861 παρά
557 773 668 861 μέθην
687 775 743 840 καὶ
762 771 967 861 κραιπάλην·
987 764 1031 861 ἦν
1050 771 1115 863 γὰρ
1135 774 1191 841 καὶ
1211 780 1281 843 των

292 894 310 950 7
325 878 380 946 ἐπὶ
393 884 456 970 βίῳ
470 874 515 966 μὴ
528 874 679 964 σώφρονι
693 878 977 964 διαβεβλημένων.
1013 884 1195 945 πείθουσιν
1216 869 1281 946 οὖν

322 977 427 1049 αὐτόν
439 978 461 1069 ἦ
474 1008 510 1049 τε
524 977 610 1067 γυνὴ
624 981 680 1047 καί
692 974 714 1068 ἡ
727 979 882 1067 θυγάτηρ
892 980 949 1046 καί
958 976 1071 1048 τδτῶν
1084 987 1281 1068 παρασίτων
1297 1008 1310 1048 ε

322 1090 452 1172 πλῆθος
470 1080 683 1172 άναθορόντα
702 1089 763 1152 τού
789 1087 972 1171 σκίμποδος
998 1086 1140 1172 δραμεῖν
1167 1086 1222 1151 ε’πδ
1244 1082 1282 1153 τό

320 1204 428 1275 τεῖχος
440 1184 541 1256 καὶτὸ
554 1185 783 1276 πραττόμενον
793 1196 928 1276 μαθεῖν,
940 1185 1029 1273 παρά
1042 1213 1078 1254 τε
1093 1191 1206 1255 πᾶσαν
1219 1184 1281 1275 τὴν

320 1286 403 1360 ὁδόν
415 1289 702 1379 συμβουλεύοντες
715 1292 917 1379 ἐρριμμένην
929 1286 989 1377 τὴν
1001 1285 1108 1379 ἀρχὴν
1122 1284 1280 1379 ἁρπάσαι,

319 1391 470 1481 άφειδως
484 1393 521 1462 δὲ
543 1392 720 1482 χρημάτων
740 1400 858 1481 ἔχοντα
877 1397 1110 1483 μεμαλοδωρίᾳ
1129 1390 1280 1474 ἅπαντας

288 1515 307 1569 8
321 1492 543 1585 ὑπερβαλεῖν,
558 1504 590 1566 εί
601 1504 661 1566 καί
670 1524 759 1576 τινες
778 1494 1031 1584 άμφισβητοῖεν.
1066 1497 1138 1564 ἐπεὶ
1158 1504 1277 1566 τοίνυν
1298 1528 1319 1568 ιο

321 1605 368 1693 τῷ
381 1608 481 1688 τείχει
496 1606 700 1692 προσῆλθεν,
716 1597 795 1688 ἐβόα
808 1627 843 1668 τε
859 1599 966 1668 πάντα
982 1599 1105 1668 δάσειν
1119 1595 1179 1667 ὅσα
1193 1600 1276 1686 βού-

321 1713 434 1773 λονται
447 1700 729 1793 ὑπισχνούμενος,
744 1710 903 1792 παρεῖναί
912 1729 948 1771 τε
962 1698 1055 1795 αύτῷ
1068 1701 1278 1790 πάμπλειστα

319 1806 469 1896 χρήματα
481 1808 538 1876 καὶ
554 1805 750 1897 θησαυρούς
762 1812 890 1895 χρυσοῦ
908 1808 964 1874 καὶ
983 1803 1134 1895 ἀργύρου
1147 1816 1276 1895 πεπλη-

320 1913 491 1998 ρωμένους
504 1916 608 1997 ἔλεγε.
628 1908 712 1979 κατά
726 1910 763 1979 δέ
776 1908 835 1978 τόν
848 1906 952 1977 αὐτόν
965 1905 1083 1997 καιρόν
1095 1911 1152 1978 καὶ
1163 1918 1276 1979 Σουλ-

320 2012 490 2097 πικιανός,
504 2015 560 2082 καὶ
574 2009 673 2092 αὐτὸς
691 2010 777 2104 ἀνὴρ
790 2017 859 2081 τῶν
870 2007 1120 2099 ὑπατευκότων,
1134 2013 1277 2103 έπαρχός
1296 2040 1319 2081 ω

318 2142 355 2185 τε
368 2120 425 2204 τῆς
439 2115 566 2197 πόλεως
578 2116 756 2206 γενόμενος
770 2112 892 2205 (πατὴρ
909 2116 950 2185 δὲ
968 2106 1012 2205 ἦν
1030 2121 1087 2205 τῆς
1108 2124 1277 2204 Περτίνα·

290 2239 307 2293 9
322 2246 379 2298 κος
393 2218 577 2306 γυναικός),
590 2212 651 2309 ἧκε
663 2218 725 2309 τὴν
736 2217 844 2308 ἀρχὴν
864 2214 1063 2309 ὠνούμενος.
1091 2216 1175 2288 άλλά
1195 2226 1275 2290 τού-

318 2349 378 2392 τον
387 2322 450 2411 μὲν
463 2320 504 2392 ού
517 2324 726 2414 προσήκαντο
736 2324 944 2411 φοβηθέντες
956 2329 991 2392 οί
1000 2328 1201 2414 στρατιῶται
1214 2321 1278 2413 τὴν

319 2423 401 2515 πρός
425 2423 485 2494 τόν
504 2435 697 2516 Περτίνακα
716 2429 935 2514 συγγένειαν,
960 2424 1006 2515 μή
1024 2454 1074 2507 τις
1093 2424 1158 2515 άρα
1179 2426 1276 2507 δόλος

230 2523 233 2533 ’
319 2540 371 2618 εῖη
386 2532 419 2609 ἐς
436 2528 474 2599 τό
494 2532 715 2621 ἐκδικηθῆναι
734 2527 794 2599 τόν
815 2532 946 2599 ἐκείνου
966 2528 1090 2619 φόνον·
1110 2532 1275 2612 καθέντες
1292 2565 1318 2605 ιο

319 2634 357 2703 δὲ
370 2641 514 2723 κλίμακα
527 2632 586 2705 τόν
601 2632 784 2705 Ἰουλιανόν
802 2636 857 2703 ἐπὶ
876 2630 913 2702 τὸ
931 2650 1036 2722 τεῖχος
1056 2629 1275 2722 άνεβίβασαν.

318 2735 360 2807 ού
378 2735 442 2829 γάρ
462 2737 624 2829 πρότερον
642 2737 771 2821 ἀνοῖξαι
790 2736 847 2817 τάς
868 2737 975 2818 πύλας
996 2734 1124 2825 ἤθελον
1150 2740 1233 2825 πρὶν
1254 2734 1275 2828 ἢ

318 2836 381 2929 τὴν
400 2841 565 2929 ποσότητα
590 2853 715 2930 μαθεῖν
737 2846 807 2910 τεόν
827 2842 1066 2930 δοθησομένων
1085 2841 1274 2929 χρημάτων.

268 2959 302 3014 10
317 2938 336 3012 δ
350 2938 382 3011 δ’
398 2938 556 3013 άνελθιδν
568 2944 631 3034 τήν
642 2973 679 3015 τε
691 2943 874 3033 Κομμόδου
887 2943 1021 3032 μνήμην
1030 2940 1208 3023 αὐτοῖςκαὶ
1218 2943 1275 3025 τάς

316 3041 411 3134 τιμάς
424 3044 550 3126 καὶτὰς
565 3046 712 3133 εἰκόνας,
722 3044 761 3127 ἃς
774 3042 988 3136 ἡσύγκλητος
1001 3056 1172 3133 καθεῖλεν,
1187 3046 1269 3117 άνα-
1288 3084 1314 3123 υ

315 3147 504 3218 νεύσεσθαι
531 3145 708 3238 ὑπέσχετο,
735 3152 792 3219 καὶ
812 3149 948 3219 πάντων
975 3150 1097 3221 δύσειν
1117 3154 1273 3234 ἐξουσίαν

317 3242 366 3321 ὧν
381 3250 471 3340 εἶχον
485 3250 536 3323 ἐπ’
553 3257 702 3340 ἐκείνου,
718 3253 844 3346 ἑκάστω
857 3280 893 3322 τε
906 3254 1091 3344 στρατιάτη
1111 3261 1272 3325 τοσοῦτον

316 3352 480 3446 ἀργύριον
493 3353 572 3427 ὅσον
585 3357 666 3448 μήτε
686 3363 818 3447 αἰτῆσαι
832 3357 913 3447 μήτε
927 3358 1094 3447 λήψεσθαι
1108 3359 1270 3449 προσεδό-

318 3479 439 3547 κησαν·
460 3457 501 3529 τά
524 3462 561 3532 δὲ
580 3461 730 3552 χρήματα
749 3459 794 3551 μὴ
813 3462 1008 3552 μελλήσειν,
1028 3459 1102 3532 ἀλλ’
1132 3473 1271 3532 οἴκοθεν

266 3586 298 3638 11
316 3559 381 3652 ἤδη
394 3567 679 3662 μεταπέμψεσθαι.
705 3564 833 3645 τούτοις
846 3562 1106 3646 ἀναπεισθέντες
1119 3571 1154 3635 οί
1169 3588 1269 3659 στρα-
1288 3602 1313 3641 ,υ

316 3672 431 3736 τιάται
448 3669 505 3736 καὶ
526 3668 661 3749 ταύταις
682 3666 844 3759 ἀρθέντες
862 3686 934 3750 ταῖς
954 3674 1085 3740 ἐλπίσιν
1105 3667 1276 3763 αύτοκράέ

314 3770 397 3859 τορά
416 3799 453 3842 τε
472 3770 532 3843 τόν
555 3768 738 3844 Ἰουλιανόν
764 3770 1025 3865 ἀναγορεύουσι,
1045 3776 1101 3842 καὶ
1123 3773 1279 3867 πρόςτῷ.
