3134 4367
344 440 385 501 66
714 440 937 501 AEYTEPON

345 626 414 693 τοῖς
426 609 619 703 ἀρχομένοις
632 611 797 699 παρέξειν,
811 612 868 680 καλ
881 609 988 681 πάντα
1002 608 1139 700 πράξειν
1153 611 1186 691 ἐς
1200 615 1300 698 ζῆλον

346 722 405 804 τής
417 714 564 804 Μάρκον
579 710 699 802 άρχής,
716 715 802 795 ἕξειν
819 713 858 782 δὲ
876 720 938 784 τοῦ
951 720 1157 804 Περτίνακος
1176 709 1219 781 οό
1237 714 1301 801 μό-

316 837 334 889 4
348 844 410 888 νον
421 814 569 906 τοόνομοι
583 813 666 886 άλλὰ
679 818 736 885 καὶ
748 813 810 903 τήν
823 815 970 905 γνώμην.
1004 815 1142 885 τοιαῦτά
1155 844 1230 885 τινα
1243 818 1301 885 λε’-

347 949 419 1010 γων
433 918 622 1008 ὑπηγάγετο
634 917 713 999 τούς
726 926 902 1000 πλείστους
915 922 948 999 ἐς
968 916 1103 989 εὔνοιαν
1115 921 1173 988 καὶ
1188 926 1302 987 πίστιν

348 1017 398 1094 ών
411 1020 610 1111 ὑπισχνεῖτο.
643 1012 729 1109 ήσαν
745 1023 787 1091 δέ
803 1049 891 1103 τινες
904 1029 973 1091 τών
992 1023 1230 1112 πρεσβυτέρων
1244 1023 1302 1090 καὶ
1318 1043 1331 1083 ε

347 1127 579 1218 γνωριζόντων
592 1120 698 1194 αὐτοῦ
717 1122 777 1194 τόν
797 1124 938 1212 τρόπον,
958 1132 993 1195 οἳ
1010 1124 1199 1214 προόλεγον
1218 1134 1302 1193 λαν-

347 1231 512 1309 θάνοντες
525 1225 575 1301 ότι
593 1224 658 1317 άρα
672 1237 723 1315 εἴη
742 1225 829 1316 άνήρ
847 1228 1054 1318 πολότροπός
1075 1256 1125 1308 τις
1143 1230 1201 1297 καὶ
1219 1225 1303 1315 μετά

346 1335 462 1422 τέχνης
471 1329 567 1413 είδώς
576 1333 828 1420 προσφέρεσθαι
842 1329 1041 1420 πράγμασιν,
1052 1327 1306 1419 όποκρίνασθαί

347 1464 383 1506 τε
397 1438 454 1505 καὶ
467 1432 757 1524 προσποιήσασθαι
770 1441 838 1504 πᾶν
852 1429 967 1503 ὁτιοῦν
981 1432 1189 1521 ἱκανώτατος,
1205 1440 1253 1503 ἔτι
1267 1430 1299 1501 δ’

348 1535 470 1608 άνόσαι
487 1540 544 1607 καί
560 1535 596 1605 τό
610 1541 768 1628 χρειῶδες
781 1539 838 1606 καὶ
858 1534 894 1605 τό
908 1538 1075 1618 λυσιτελὲς
1090 1533 1196 1631 αὐτῷ·
1219 1532 1301 1626 ὅπερ
1321 1573 1344 1614 10

347 1645 405 1712 καὶ
419 1637 560 1730 ὕστερον
575 1646 662 1733 ἔργω
675 1641 851 1711 δέδεικται.

318 1757 335 1809 5
454 1750 629 1835 διατρίψας
645 1733 708 1813 οὖν
727 1740 843 1830 ὀλίγον
855 1742 978 1831 χρόνον
998 1738 1016 1811 ό
1038 1750 1188 1833 Σωτῆρος
1207 1744 1248 1811 έν
1263 1749 1304 1833 τή

343 1845 466 1938 Ῥώμη,
493 1849 550 1916 καὶ
568 1843 671 1933 νομὰς
692 1844 829 1926 ἐπιδοός
850 1853 895 1938 τῷ
918 1845 1011 1938 δήμῳ
1030 1845 1303 1934 μεγαλοφρόνως,

349 1951 473 2038 (θέας)
487 1976 523 2017 τε
537 1949 739 2035 ἐπιτελέσας,
759 1963 828 2028 τοῖς
839 1975 875 2017 τε
888 1947 1101 2037 στρατιώταις
1116 1946 1221 2018 πολλά
1235 1954 1304 2017 δω-

350 2051 553 2142 ρησάμενος,
580 2052 637 2119 καὶ
657 2047 735 2132 τοὺς
760 2046 1000 2139 ἀκμαιοτάτους
1020 2051 1251 2139 ἐπιλεξάμενος
1271 2054 1304 2132 ές
1323 2083 1345 2125 ιο

349 2153 387 2224 τό
403 2153 617 2244 δορυφόρους
634 2151 719 2222 εἶναι
738 2160 797 2240 τής
810 2160 979 2243 βασιλείας
991 2153 1081 2246 τόπῳ
1094 2161 1163 2223 τοῖν
1176 2151 1305 2238 άπεζω-

321 2271 338 2324 6
351 2259 501 2346 σμένων,
516 2258 571 2326 ἐπὶ
583 2253 643 2343 τήν
658 2253 822 2345 ιἰνατολήν
834 2253 1006 2345 ἠπείγετο·
1024 2263 1072 2326 ἔτι
1086 2255 1148 2347 γὰρ
1163 2260 1305 2345 μέλλον-

351 2388 405 2442 τος
417 2361 474 2429 καί
487 2355 701 2442 όπτιάζοντος
712 2365 773 2429 τοῦ
787 2366 938 2449 Νίγρου,
952 2365 992 2449 νή
1006 2387 1042 2428 τε
1051 2358 1234 2452 Ἀντιοχείᾳ
1248 2363 1305 2429 ἐν-

351 2468 562 2554 τρυφώυτος,
583 2466 753 2551 ἐπιστῆναι
768 2463 853 2552 μηδὲ
874 2462 1150 2552 προσδοκώμενος
1166 2459 1304 2552 ήθελεν,

351 2561 441 2646 ὅπως
460 2562 693 2656 άπαράσκευον
711 2562 816 2635 αὐτόν
836 2563 943 2654 λάβοι.
976 2565 1102 2646 τοόςτε
1123 2556 1187 2634 οὖν
1200 2587 1303 2656 στρα-
1321 2588 1346 2628 εν

352 2668 471 2750 τιώτας
491 2671 644 2739 ἐκέλευσε
664 2669 974 2759 παρασκευάζεσθαι
995 2667 1078 2758 πρὸς
1097 2668 1158 2757 τήν
1178 2670 1305 2758 ἔξοδον,

352 2772 547 2861 συνεκρότει
566 2799 601 2842 τε
614 2774 671 2841 καί
684 2772 895 2861 πανταχόθεν
911 2770 1115 2860 στράτευμα,
1135 2779 1172 2841 ἔκ
1185 2799 1222 2841 τε
1237 2780 1306 2842 τῶν

353 2873 437 2944 κατὰ
462 2873 525 2963 τήν
539 2871 679 2945 Ἰταλίαν
703 2873 835 2944 πόλεων
857 2882 992 2953 νεανίας
1014 2874 1307 2963 μεταπεμπόμενος

353 2979 410 3046 καί
425 2976 632 3066 στρατεύων,
647 2986 682 3045 εἴ
690 2978 728 3045 τέ
738 3004 770 3045 τι
783 2967 827 3064 ήν
840 2979 877 3045 ἐν
889 2982 934 3069 τῷ
946 2973 1116 3070 Ἰλλυρικῷ
1129 2985 1190 3047 τοῦ
1203 2999 1306 3068 στρα-

353 3085 510 3148 τιωτικοῦ
531 3086 706 3166 λείψανον,
734 3076 900 3148 κατελθὸν
918 3080 973 3148 ἐπὶ
995 3080 1131 3171 Θράκην
1151 3082 1307 3151 ἐκέλευεν
1322 3118 1346 3161 25

322 3186 336 3241 7
355 3178 446 3274 αὐτῷ
465 3197 652 3269 συντυχεῖν.
693 3179 829 3271 ἐξήρτυε
846 3182 884 3251 δὲ
909 3184 965 3251 καὶ
987 3183 1105 3252 στόλον
1132 3184 1305 3271 ναυτικόν,

355 3285 412 3353 καί
438 3283 543 3366 πάσας
563 3283 621 3365 τδς
642 3281 725 3353 κατά
747 3282 809 3373 τήν
830 3280 969 3354 Ἰταλίαν
992 3286 1137 3375 τριήρεις
1158 3283 1306 3357 ὁπλιτών

355 3385 530 3475 πληρώσας
549 3389 717 3477 ἐξέπεμπε.
747 3388 853 3476 πολλή
871 3416 907 3458 τε
929 3385 1019 3482 αὐτῷ
1039 3391 1096 3458 καί
1110 3389 1305 3477 παντοδαπή

354 3487 495 3577 δόναμις
515 3498 658 3584 μεγίστῳ
680 3490 770 3578 τάχει
790 3492 1061 3582 συνεσκευάσθη·
1087 3489 1161 3583 ήδει
1181 3491 1245 3582 γὰρ
1264 3490 1305 3561 οό

353 3599 471 3683 μικράς
491 3592 663 3683 δυνάμεως
680 3593 836 3683 δεόμενος
856 3594 940 3685 πρός
960 3602 1069 3665 πάσαν
1083 3592 1144 3684 τήν
1158 3592 1303 3666 άντικει·
1319 3630 1344 3670 υι

353 3696 459 3785 μένην
470 3691 610 3787 ήπειρον
622 3694 772 3789 Εὐρώπη
789 3696 828 3767 τά
842 3706 974 3788 Νίγρου
988 3705 1193 3786 φρονοῦσαν.

262 3865 297 3880 ‚-
451 3797 494 3867 τά
499 3799 568 3889 μέν
581 3799 624 3891 δή
639 3799 723 3894 πρὸς
739 3800 798 3876 τὸν
812 3802 958 3892 πόλεμον
971 3807 1133 3890 γενναίως
1147 3799 1302 3893 εὐτρέπι-
