3134 4367
316 438 355 497 λθ
711 435 859 495 TPITON

315 608 499 699 χασμένον,
513 605 657 696 τοσαύτη
670 633 705 674 τε
719 613 888 698 σνναφεία
900 608 957 676 καλ
976 605 1129 694 κολλήσει
1143 603 1188 687 ὡς
1200 636 1267 695 μη-

316 714 398 783 δένα
410 720 541 781 οἴεσθαι
562 710 599 779 τὸ
620 716 718 798 ἐρχον
731 707 915 797 σύνθετον,
938 709 1011 791 ἑνός
1030 710 1067 779 δὲ
1080 717 1182 780 λίθου
1198 718 1267 779 πᾶν

287 831 303 887 7
317 821 527 903 πεποιῆσθαι.
549 819 596 882 ἔτι
609 818 693 900 γοῦν
706 813 762 879 καὶ
776 818 842 881 νῦν
854 810 894 880 τὰ
908 815 1049 902 μένοντα
1057 810 1163 882 αύτοῦ
1176 816 1265 903 ἐρεί-

316 946 375 989 πια
388 919 591 999 καὶλείψανα
605 914 710 984 ἰδόντι
723 914 907 1002 θαυμάζειν
921 923 990 985 ἐστι
1002 919 1058 986 καὶ
1070 914 1132 1004 τὴν
1145 916 1266 1004 τέχνην

315 1027 383 1091 τῶν
395 1017 457 1108 τὴν
470 1017 576 1109 ἀρχὴν
594 1017 912 1088 κατασκευασάντων
924 1021 981 1089 καλ
999 1018 1061 1107 την
1076 1015 1182 1106 ύλκὴν
1194 1026 1264 1088 τῶν
1281 1046 1294 1085 5

315 1120 457 1213 ῦστερον
470 1120 721 1211 καθῃρηκότων.

417 1222 434 1295 ὁ
448 1225 510 1314 μὲν
523 1223 564 1313 δὴ
577 1231 704 1313 Νίχρος
721 1218 826 1304 οὕτως
838 1222 974 1311 ἐξήρτυε
993 1221 1033 1293 τύ
1046 1222 1127 1294 καθ’
1145 1224 1267 1296 ἑαυτὸν

276 1351 295 1411 2
316 1330 570 1418 προμηθέστατα
588 1328 645 1396 καλ
667 1323 913 1414 ἀσφαλέστατα,
935 1321 979 1407 ὡς
993 1323 1092 1420 φ’όετο·
1115 1324 1185 1398 ῦδὲ
1198 1337 1267 1398 Σε-

267 1433 429 1522 “·’“εῆρος
450 1426 494 1511 ύς
512 1436 562 1500 ένι
574 1429 714 1518 μάλιστα
731 1426 796 1497 σῦν
809 1436 850 1519 τῇ
863 1436 1000 1521 στρατιᾷ
1013 1426 1179 1519 ἠπείγετο,
1202 1459 1267 1520 μη-

319 1535 378 1604 δὲν
398 1537 549 1626 ῥᾳθυμίᾳ
567 1530 648 1621 μηδ’
671 1529 847 1621 ἀναπαύλῃ
866 1535 986 1620 νέμων.
1027 1532 1149 1621 μαθων
1169 1535 1207 1604 δέ
1228 1531 1265 1603 τό
1285 1563 1307 1603 ιο

317 1637 499 1721 Βυζάντιον
516 1636 857 1726 προκατειλημμένον,
880 1635 937 1703 καλ
957 1634 1053 1716 είδῦς
1075 1634 1268 1727 ὀχυρώτατα

319 1741 574 1828 τετειχισμένον,
603 1740 657 1808 ἐπὶ
686 1737 834 1820 Κύζικον
861 1735 920 1806 τόν
948 1737 1088 1827 στρατόν
1115 1737 1269 1810 ἐκέλευσε

289 1850 518 1931 λδιαβαίνειν.
555 1839 572 1911 ό
592 1842 630 1910 δέ
649 1847 706 1928 τῆς
726 1836 834 1920 Ἀσίας
860 1836 1043 1928 ἡγούμενος
1061 1844 1268 1931 Αἰμιλιανός,

321 1937 347 2038 ᾦ
365 1943 426 2033 τὴν
444 1944 605 2032 πρόνοιαν
619 1945 675 2012 καὶ
689 1949 889 2032 στρατηγίαν
906 1939 1065 2033 όΝίχρος
1086 1948 1270 2035 ἐγκεχειρί-

319 2074 388 2133 κει,
408 2044 529 2134 μαθων
548 2045 683 2115 ἐπιόντα
703 2043 763 2113 τὸν
786 2052 847 2113 τοῦ
865 2044 1021 2134 Σεαήρον
1043 2047 1185 2138 στρατόν
1207 2046 1268 2137 τὴν
1286 2075 1309 2116 ιο

320 2151 373 2219 ἐπὶ
388 2148 532 2233 Κύζικον
554 2150 612 2217 καὶ
628 2144 728 2228 αύτδς
748 2148 922 2236 ἐτράπετο,
945 2145 1037 2236 όχων
1058 2178 1094 2220 τε
1111 2149 1271 2241 στρατιὰν

320 2259 439 2339 πᾶσαν,
453 2248 497 2340 ἣν
510 2247 610 2331 αύτός
624 2257 817 2320 συνείλεκτο
831 2252 888 2320 καλ
902 2246 944 2338 ἣν
959 2248 1110 2341 ὁΝίχρος
1124 2254 1270 2343 ἐπεπόμ-

322 2382 396 2443 φει.
423 2350 467 2435 ύς
485 2354 523 2423 δὲ
540 2356 725 2443 συνέβαλεν
745 2355 953 2441 ἑκατέρωθεν
973 2353 1013 2423 τὰ
1031 2357 1269 2446 στρατεύματα,

321 2458 420 2546 μάχαι
441 2458 597 2548 καρτεραὶ
616 2462 767 2545 γίνονται
790 2453 863 2524 κατ’
890 2460 1001 2525 έκείνα
1020 2456 1059 2526 τά
1072 2468 1195 2549 χωρία,
1213 2462 1271 2529 καλ

321 2576 437 2651 κρατεῖ
447 2559 646 2651 τὸΣεεήρον
659 2558 857 2650 στράτευμα,
873 2560 964 2648 φυγή
978 2588 1013 2629 τε
1026 2564 1082 2629 καὶ
1094 2561 1200 2652 τροπὴ
1215 2565 1272 2632 καὶ
1282 2590 1312 2639 αο

323 2665 426 2753 φόνος
445 2662 549 2745 πολύς
572 2669 640 2733 των
659 2670 721 2732 τοῦ
741 2670 875 2751 Νίγρον
894 2671 1103 2752 στρατιωτῶν
1131 2672 1271 2754 γίνεται,

322 2763 367 2848 ὥς
380 2774 447 2835 τῶν
459 2767 521 2855 μὲν
537 2764 743 2836 όινατολικολν
758 2762 886 2847 εῦθέως
902 2773 1050 2856 θραῦσαι
1063 2765 1124 2856 τὴν
1141 2770 1272 2857 ἐλπίδα,

322 2876 390 2938 των
404 2869 442 2938 δέ
450 2865 621 2956 Ἰλλυριῶν
633 2871 824 2958 ἐπιρρῶσαι.

291 2991 309 3045 3
424 2972 507 3059 φασλ
521 2973 561 3039 δέ
573 2997 661 3049 τινες
674 2966 933 3060 προδοθέντατόι
949 2976 1148 3059 τοῦΝίχρον
1163 2972 1272 3063 πρόχ-

226 3117 230 3129 ‚
323 3100 408 3162 ματα
427 3067 494 3142 ύπὸ
507 3078 708 3160 Αἰμιλιανοῦ
722 3067 850 3151 εύθέως
871 3074 907 3140 ἐν
925 3067 1008 3162 ἀρχῇ
1026 3079 1268 3164 διαφθαρῆναι.
1286 3100 1310 3141 τε

324 3173 438 3264 διττὴν
458 3175 496 3244 δὲ
509 3177 644 3263 λέγουσι
657 3180 715 3262 τῆς
729 3173 883 3261 τοιαύτης
897 3179 1119 3264 προαιρέσεως
1131 3186 1193 3247 τοῦ
1206 3186 1271 3249 Αλ-

324 3284 480 3367 μιλιανοῦ
499 3275 561 3365 τὴν
575 3284 700 3347 αίτίαν·
721 3284 755 3346 ολ
765 3276 827 3364 μὲν
840 3275 904 3368 χόιρ
919 3287 1117 3366 φθονοῦντα
1138 3288 1184 3373 τῷ
1203 3290 1271 3351 Νί-

324 3409 394 3472 χρω
415 3384 667 3469 ἐπιβουλεῦσαι,
694 3375 947 3468 όχανακτοῦντα
974 3378 1025 3451 ότι
1048 3381 1090 3470 δὴ
1117 3384 1271 3474 διάδοχος

325 3480 430 3554 αῦτοῦ
444 3480 622 3571 γενόμενος
635 3488 693 3570 τῆς
702 3486 739 3552 έν
752 3489 864 3574 Συρία
874 3480 974 3574 ἀρχῆς
988 3492 1124 3573 ἔμελλεν
1134 3494 1271 3558 ἔσεσθαι

311 3594 485 3677 ,κρείττων
511 3582 567 3655 ἅτε
594 3584 750 3674 βασιλεὺς
769 3588 826 3655 καὶ
847 3588 1023 3677 δεσπότης,
1051 3598 1086 3659 οἳ
1105 3592 1146 3659 δέ
1167 3613 1271 3680 φασιν
1286 3623 1311 3665 ιο

326 3688 429 3761 αὐτόν
443 3685 686 3777 ἀναπεισθῆναι
707 3686 772 3758 ῦπό
790 3695 857 3758 νῦν
870 3695 1001 3760 παίδων
1016 3692 1272 3763 ἐπιστειλάντων

317 3795 379 3861 καὶ
391 3793 586 3884 δεηθέντων
600 3788 684 3886 ύπὲρ
701 3800 758 3882 της
774 3794 902 3863 ἕαντῦν
914 3802 1093 3883 σωτηρίας,
1107 3792 1167 3877 οῦς
1181 3799 1219 3867 έν
1232 3802 1272 3886 τῇ
