3134 4367
706 446 857 506 TPITON
1209 447 1249 509 95

298 640 378 699 σεως
398 616 626 706 διηγούμενος.
677 616 873 707 θησαυρούς
893 645 929 687 τε
950 619 1006 688 καί
1025 619 1123 706 νεῶς,
1142 620 1280 697 πάντας

297 726 448 806 ἐδείκνυε
467 721 644 809 χρημάτων
661 721 788 809 πλήρη,
809 720 956 791 πλοῦτόν
975 748 1011 790 τε
1030 725 1085 792 καλ
1105 723 1250 813 δύναμιν

296 821 356 893 οάκ
371 830 509 894 ἔσεσθαι
523 828 651 906 ἔξωθεν
663 828 918 913 ἐπιβουλεῦσαι,
941 825 1102 913 τοσαύτης
1115 827 1176 914 μὲν
1188 824 1251 898 ού-

295 951 352 1016 σης
380 936 467 996 οίκοι
493 933 686 1016 περιουσίας
706 923 750 1008 ῶς
771 924 919 1015 ἀφειδῶς
937 930 993 997 καὶ
1017 933 1165 1009 δαψιλῶς
1184 946 1250 1011 τοῖς
1344 987 1351 1008 .

270 1056 281 1097 ι
295 1030 509 1119 στρατιώταις
522 1046 692 1121 χορηγεῖν,
707 1038 764 1119 τῆς
777 1057 813 1099 τε
830 1033 867 1100 έν
882 1028 986 1121 Ῥῶμη
1000 1030 1173 1119 δυνάμεως
1187 1029 1250 1102 αύ-

292 1141 349 1222 τῆς
367 1139 744 1223 τετραπλασιασθείσης,
765 1135 822 1203 καί
844 1136 1071 1221 στρατοπέδου
1091 1134 1251 1204 τοσούτου

292 1234 356 1326 πρὸ
371 1243 430 1323 της
443 1236 570 1318 πόλεως
585 1240 782 1323 ἱδρυθέντος
803 1232 846 1317 ῶς
860 1244 1025 1325 μηδεμίαν
1045 1236 1130 1307 εἶναι
1145 1238 1250 1306 δύνα-

292 1368 350 1428 μιν
364 1344 493 1422 ἔξωθεν
508 1342 667 1428 ἐχέγγυον
680 1335 759 1429 μηδ’
776 1336 960 1409 άντίπαλου
968 1340 1091 1428 πλήθει
1106 1348 1249 1431 στρατοῦ

292 1442 374 1531 μήτε
398 1445 535 1531 μεγέθει
563 1443 725 1532 σωμάτων
751 1443 832 1532 μήτε
859 1443 1035 1532 χρημάτων
1062 1452 1249 1536 περιουσίᾳ.

259 1566 278 1605 ¹⁰
292 1543 381 1634 πλὴν
395 1543 498 1615 οὐδὲν
512 1544 633 1635 ὄφελος
646 1546 774 1616 τούτων
793 1546 928 1615 πάντων
943 1554 1034 1633 ἔλεγε
1057 1547 1250 1632 στασιαζόν·
1263 1558 1280 1609 5

291 1677 360 1718 των
373 1647 457 1740 πρὸς
478 1646 656 1738 ἀλλήλους,
671 1656 732 1718 τού
751 1676 787 1717 τε
809 1651 956 1737 πολέμου
977 1655 1077 1719 ἔνδον
1097 1646 1202 1731 ὄντος.
1230 1647 1250 1719 δ
1366 1732 1372 1749 ¹

292 1752 353 1840 μέν
367 1750 409 1840 δὴ
424 1753 561 1823 τοιαῦτά
574 1781 649 1821 τινα
663 1754 771 1840 λέγων
785 1752 954 1839 ἑκάστοτε,
970 1752 1048 1822 ποτε
1067 1753 1129 1840 μέν
1149 1761 1249 1823 λιπα-
1363 1770 1371 1785 ·

292 1862 362 1942 ρῶν
384 1855 465 1924 ποτέ
486 1855 524 1926 δέ
551 1855 775 1944 ἐπιπλήττων,
795 1862 1017 1943 σωφρονίζειν
1036 1852 1161 1936 αύτούς
1182 1852 1249 1945 άμα

292 1961 347 2027 καὶ
361 1959 523 2046 συνάγειν
536 1962 706 2048 ἐπειρᾶτο·
722 1966 757 2027 οἳ
767 1955 800 2027 δ’
817 1954 889 2028 ούτι
905 1986 943 2045 γε
957 1962 1143 2046 ἐπείθοντο,
1158 1956 1247 2048 άφη-

257 2086 278 2125 ιι
293 2068 406 2144 νίαζον
424 2061 462 2130 δέ
475 2064 531 2131 καλ
546 2066 744 2131 ἐπεδίδοσαν
763 2064 797 2142 ἐς
815 2060 851 2131 τὸ
871 2078 992 2151 χεῖρον.
1046 2058 1102 2131 άτε
1116 2063 1153 2131 δὲ
1167 2090 1245 2132 νεα·
1262 2088 1279 2141 6

292 2172 366 2245 νίας
378 2172 591 2253 σφριγῶντας
604 2167 660 2234 καὶ
674 2161 739 2234 ὑπὸ
754 2171 925 2254 βασιλικῆς
934 2168 1083 2247 ἐξουσίας
1097 2167 1129 2246 ἐς
1143 2165 1250 2247 πάσας

292 2264 426 2355 ἡδονῶν
445 2264 570 2355 ὀρέξεις
590 2264 762 2357 άπλήστως
784 2264 998 2357 ὁρμωμένους
1024 2270 1154 2337 ἔκαστοι
1181 2297 1249 2338 τιιν

292 2371 547 2440 κολακευόντων
572 2367 753 2441 ἀνθεῖλκον
787 2369 869 2461 πρὸς
898 2367 1038 2458 αύτούς,
1072 2367 1113 2440 ού
1143 2372 1249 2459 μόνον

293 2470 557 2564 ύπηρετούμενοι
570 2490 641 2555 ταῖς
657 2478 851 2562 ἐπιθυμίαις
872 2471 984 2544 αὐτῶν
1003 2476 1060 2542 καί
1081 2488 1152 2552 ταίς
1171 2477 1248 2561 περὶ

255 2606 279 2646 ω
293 2574 334 2647 τά
347 2588 499 2665 αίσχιστα
517 2583 695 2665 σπουδαῖς,
715 2575 800 2645 άλλά
819 2578 875 2645 καί
894 2573 950 2645 άεί
967 2603 998 2645 τι
1018 2571 1136 2643 καινὸν
1155 2577 1248 2656 ἐξευ-

292 2688 480 2767 ρίσκοντες,
496 2676 540 2749 δι’
557 2672 599 2749 οὗ
614 2677 822 2770 εὐφρανοῦσι
835 2674 947 2767 μὲνδν
961 2677 1171 2763 ἐκολάκευον,
1186 2685 1265 2747 λυ-.

291 2784 435 2871 πήσουσι
450 2784 488 2853 δέ
504 2780 564 2853 τδν
585 2780 743 2870 άδελφόν.
777 2776 842 2870 ἤδη
856 2788 942 2871 γοῦν
958 2778 1050 2861 τινάς
1065 2781 1121 2849 καί
1135 2779 1248 2870 λαβῶν

292 2888 346 2956 ἐπί
359 2886 527 2968 τοιαύταις
540 2881 736 2975 ὑπηρεσίαις
749 2881 768 2955 ὁ
786 2891 937 2974 Σεεῆρος
950 2883 1117 2954 ἐκόλασεν.

393 2986 590 3079 άσχάλλοντι
612 2991 650 3059 δέ
678 2986 769 3083 αύτῷ
791 2991 845 3058 ἐπὶ
866 2994 911 3080 τῶ
932 2987 1072 3081 τοιούτῳ
1094 2993 1158 3079 βίω
1179 2994 1296 3058 τῶν14
1339 3053 1344 3062 .

253 3112 277 3152 ²⁵
292 3096 425 3161 παίδων
438 3095 548 3182 καλιῇ
562 3095 638 3184 περὶ
651 3092 691 3163 τά
710 3091 860 3181 θεάματα
875 3089 1018 3181 ἀπρεπεῖ
1028 3096 1159 3181 σπουδῇ
1174 3093 1247 3160 ἐπι-

291 3198 420 3264 στέλλει
435 3192 453 3265 ὁ
466 3203 524 3284 τῆς
536 3203 737 3285 Βρεττανίας
750 3193 950 3285 ἡγούμενος,
971 3193 1157 3278 στασιάζειν
1169 3191 1247 3273 τούς

290 3299 363 3368 ἐκεῖ
372 3299 563 3389 βαρβάρους
574 3299 723 3389 φάσκων,
732 3301 789 3369 καὶ
798 3300 1054 3386 κατατρέχοντας
1064 3294 1125 3386 την
1134 3295 1246 3386 χῶραν

291 3408 386 3472 λείαν
404 3430 441 3472 τε
464 3398 606 3490 άπάγειν
625 3404 682 3471 καί
704 3413 855 3491 πορθεῖν
868 3400 909 3471 τά
933 3408 1084 3471 πλεῖστα·
1113 3404 1246 3470 δεῖσθαι

291 3512 411 3575 τοίνυν
429 3504 538 3594 χειρὸς
560 3512 713 3587 πλείονος
731 3504 815 3595 πρὸς
835 3505 997 3594 βοήθειαν
1019 3510 1079 3572 τοῦ
1099 3497 1246 3588 τόπουῆ

252 3636 277 3679 ω
292 3614 467 3698 βασιλικῆς
486 3611 670 3697 ἐπιδημίας.
721 3604 739 3677 ὁ
762 3608 799 3677 δὲ
812 3616 961 3696 Σευῆρος
977 3604 1126 3695 άσμένως
1144 3609 1276 3673 ταύταλ

290 3707 455 3799 άκούσας,
479 3711 580 3805 φύσει
601 3712 662 3801 μέν
683 3712 738 3780 καὶ
755 3708 929 3799 φιλόδοξος
946 3706 1053 3789 άλλως
1075 3706 1247 3795 ὑπάρχων,

289 3817 346 3885 καί
359 3814 443 3904 μετά
458 3812 514 3895 τάς
528 3812 593 3886 ύπδ
600 3813 776 3898 άνατολαῑς
789 3816 848 3887 καὶ
861 3810 977 3911 άρκτῳ
986 3820 1085 3893 νίκας
1092 3810 1153 3879 καὶ
1159 3829 1272 3895 προσ-
