3134 4367
347 427 405 488 118
718 425 940 487 ΤΕΤΑΡΤΟΝ

345 604 457 689 ἕτερος
471 606 646 688 Μακρῖνος
662 598 724 687 μέν
739 601 905 685 ἐκαλεῖτο,
919 602 987 666 τῶν
1007 595 1045 665 δὲ
1060 600 1098 667 ἐν
1117 596 1225 691 άγορᾷ
1241 595 1308 668 ούκ

268 727 270 732 ·
345 701 492 792 άπείρως
506 701 588 790 εἶχε,
604 703 660 771 καὶ
673 701 813 790 μάλιστα
827 700 941 789 νόμων
955 700 1142 789 ἐπιστήμης.
1178 705 1211 783 ἐς
1225 708 1307 772 τοῦ-

346 835 407 877 του
419 797 483 875 οὖν
499 802 543 887 ὡς
555 804 600 894 μὴ
620 802 859 894 στρατιωτικόν
878 803 962 892 μηδὲ
982 820 1139 890 γενναῖον
1161 810 1308 898 δημοσίᾳ

346 908 504 989 πολλάκις
517 906 721 994 άπέσκωπτε,
737 909 793 976 καὶ
806 909 919 997 μέχρις
932 912 1067 997 αἰσχρᾶς
1079 916 1304 998 βλασφημίας·

316 1021 333 1073 2
347 1014 419 1082 ἐπεὶ
433 1010 497 1101 γάρ
511 1010 635 1100 ἤκουεν
650 1008 754 1079 αὐτόν
767 1012 824 1079 καὶ
844 1015 955 1100 διαίτη
975 1014 1159 1104 ἐλευθερίῳ
1174 1012 1306 1101 χρεόμε-
1322 1037 1336 1075 ε

345 1144 408 1185 νον
427 1116 485 1185 καὶ
504 1113 544 1184 τά
564 1120 678 1202 φαῦλα
698 1114 755 1182 καὶ
776 1110 1004 1203 άπερριμμένα
1023 1121 1092 1183 τῶν
1113 1114 1306 1204 ἐδεσμάτων

346 1220 403 1291 καὶ
421 1224 533 1287 ποτῶν
554 1216 819 1306 μυσαττόμενον,
839 1212 888 1297 οἷς
915 1214 960 1296 ὡς
975 1217 1209 1305 στρατιωτικὸς
1225 1216 1270 1307 δὴ
1288 1216 1306 1289 ό

342 1311 540 1401 ’Ἀντωνῖνος
559 1327 686 1409 ἔχαιρε,
707 1318 893 1408 χλαμύδιον
912 1317 933 1407 ἥ
953 1346 1028 1389 τινα
1052 1316 1157 1409 άλλην
1180 1324 1307 1410 ἐσθῆτα

347 1421 598 1512 άμφιεσάμενον
615 1419 828 1512 άστειοτέραν
847 1425 880 1504 ἐς
894 1419 1080 1510 ἀνανδρίαν
1093 1426 1150 1493 καὶ
1164 1424 1308 1513 θήλειαν

347 1527 450 1597 νόσον
464 1528 655 1616 διέβαλλεν,
669 1523 725 1596 άεί
739 1553 774 1595 τε
791 1523 988 1595 ἀποκτενεῖν
1003 1524 1142 1615 ἠπείλει.
1165 1524 1252 1617 άπερ
1266 1525 1307 1598 ού
1327 1555 1348 1595 ιο

349 1631 464 1719 φέρων
478 1626 496 1698 ό
512 1639 689 1721 Μακρῖνος
706 1630 796 1699 πάνυ
811 1626 962 1717 ἤσχαλλε.

319 1750 337 1802 3
453 1736 578 1822 συνέβη
598 1736 639 1802 δέ
649 1760 681 1802 τι
696 1735 753 1802 καὶ
768 1740 936 1802 τοιούτου·
960 1736 1028 1801 ἔδει
1047 1730 1111 1821 γάρ
1132 1728 1197 1821 άρα
1216 1734 1310 1813 τέλος

349 1844 466 1925 λαβεῖν
481 1834 541 1905 τὸν
556 1834 759 1905 Ἀντωνίνου
780 1843 866 1924 βίον.
901 1834 1154 1923 περιεργότατος
1172 1833 1237 1924 γάρ
1262 1831 1310 1904 νόν

349 1934 390 2008 ού
406 1938 512 2026 μόνον
528 1936 567 2007 τά
581 1935 774 2026 ἀνθρώπων
788 1937 895 2007 πάντα
915 1939 1039 2007 είδέναι
1059 1934 1204 2027 ἤθελεν,
1225 1935 1309 2008 άλλά

252 2039 262 2051 ”
349 2039 459 2110 καὶτὰ
473 2039 552 2109 θεῖά
572 2067 608 2109 τε
622 2041 679 2109 καὶ
692 2041 850 2129 δαιμόνια
863 2049 1167 2129 πολυπραγμονεῖν.
1202 2039 1260 2112 άεί
1275 2070 1310 2111 τε
1327 2071 1346 2111 ιι

351 2143 476 2223 πάντας
497 2139 697 2213 ὑπώπτευεν
716 2139 760 2225 ὡς
780 2142 1077 2231 ἐπιβουλεύοντας,
1100 2152 1312 2235 χρηστηρίων

351 2273 387 2315 τε
407 2245 543 2316 πάντων
564 2250 773 2337 ἐνεφορεῖτο,
797 2244 875 2327 τούς
894 2274 930 2316 τε
950 2246 1163 2335 πανταχόθεν
1182 2248 1311 2338 μάγους

351 2351 408 2419 καὶ
423 2345 647 2439 άστρονόμους
666 2377 702 2418 τε
717 2350 775 2418 καὶ
788 2348 895 2429 θύτας
913 2351 1151 2438 μετεπέμπετο·
1171 2354 1230 2421 καὶ
1250 2350 1311 2421 ού-

354 2454 422 2533 δελς
438 2448 544 2523 αύτόν
561 2452 727 2523 ἐλάνθανε
746 2458 815 2521 τῶν
828 2450 890 2540 τὴν
908 2459 1064 2541 γοητείαν
1082 2453 1209 2544 ταύτην
1230 2451 1311 2525 ύπι-

322 2558 581 2644 λσχνουμένων.
633 2552 835 2626 ὑποπτεύων
854 2552 887 2625 δ’
909 2552 1034 2637 αύτούς
1055 2552 1099 2637 τός
1115 2554 1156 2626 ού
1178 2555 1310 2647 τάληθῆ
1325 2582 1346 2625 ν

353 2656 444 2753 αύτῷ
465 2657 550 2730 άλλά
569 2658 652 2749 πρός
675 2667 855 2730 κολακείαν
871 2666 1103 2747 θεσπίζοντας,
1128 2664 1313 2732 ἐπιστέλλει

352 2770 578 2856 Ματερνιανῷ
599 2769 682 2850 τινί,
705 2763 779 2832 τότε
806 2761 911 2843 πάσας
937 2758 996 2832 ὑπ’
1025 2759 1131 2832 αὐτοῦ
1152 2767 1190 2834 ἐν
1208 2761 1313 2857 Ῥώμη

354 2864 488 2953 πράξεις
510 2867 801 2957 ἐγκεχειρισμένῳ,
829 2858 1018 2958 πιστοτάτςό
1041 2864 1127 2936 εἶναι
1153 2872 1312 2939 δοκοῦντι

353 2974 464 3055 φίλων
477 2968 534 3035 καὶ
547 2968 639 3059 μόνω
651 2974 805 3059 κοινωνῷ
818 2973 887 3036 τῶν
901 2964 1115 3057 άπορρήτων·
1131 2972 1265 3042 κελεύει
1278 2972 1313 3042 δέ

354 3066 445 3161 αύτῷ
458 3067 575 3157 μάγων
588 3067 667 3150 τούς
680 3066 837 3158 άρίστους
850 3069 1023 3158 ζητησαντι
1042 3081 1161 3165 νεκυίμ
1182 3103 1218 3144 τε
1231 3103 1312 3165 χρη·
1326 3101 1346 3142 ιι

354 3173 487 3264 σαμένφ
500 3183 625 3259 μαθεῖν
639 3172 716 3262 περὶ
730 3178 792 3240 τοῦ
805 3174 921 3253 τέλους
939 3180 1001 3254 τού
1021 3182 1099 3263 βίου
1120 3173 1245 3266 αὐτοῦ,
1260 3181 1315 3249 καὶ

322 3296 338 3345 5
353 3274 460 3362 μήτις
474 3271 539 3364 άρα
552 3274 768 3364 ἐπιβουλεύοι
782 3281 823 3365 τῇ
838 3271 931 3365 άρχῇ.
985 3273 1004 3347 ὁ
1025 3277 1063 3347 δὲ
1076 3281 1314 3368 Ματερνιανός

354 3376 559 3466 χρησάμενος
572 3375 678 3459 άδεως
693 3394 761 3459 τοῖς
779 3374 846 3447 ὑπὸ
860 3386 921 3449 τοῦ
941 3382 1101 3469 βασιλέως
1114 3392 1313 3455 κελευσθεῖ-

354 3501 426 3568 σιν,
442 3489 508 3549 είτε
522 3477 627 3562 όντως
647 3477 738 3575 αὐτῷ
759 3481 930 3569 δαιμόνων
950 3490 1055 3553 ταῦτα
1076 3488 1314 3558 θεσπισάντων

355 3592 421 3653 εἴτε
435 3578 542 3664 άλλως
555 3585 839 3673 συσκευαζόμενος
853 3583 912 3655 τόν
926 3595 1115 3677 Μακρῖυον,
1130 3592 1313 3661 ἐπιστέλλει
1327 3622 1349 3665 ιο

354 3692 400 3779 τῷ
416 3683 603 3780 Ἀντωνίυφ
628 3689 861 3776 ἐπιβουλεύειν
881 3696 922 3779 τῇ
948 3686 1031 3781 άρχῇ
1054 3689 1114 3760 τόν
1132 3701 1313 3782 Μακρῖνον

311 3791 407 3861 σκαί
425 3795 503 3862 δεῖν
521 3788 630 3865 αύτόν
649 3788 954 3865 ἀποσκευάσασθαι.
1010 3800 1114 3863 ταῦτα
1139 3793 1181 3865 τά
1207 3798 1314 3887 γράμ-
