3134 4367
349 428 389 489 42
718 428 942 489 AEYTEPON

349 629 402 673 νει
415 604 593 690 ἐλευθερία
615 593 659 679 ὦς
672 607 775 668 λυπεῖ
792 606 946 684 δουλεία,
967 595 1050 669 οάδέ
1066 625 1116 677 τις
1136 594 1244 677 ἀδεῶς
1262 594 1304 667 τά

350 708 471 775 ἑαυτοῦ
484 710 569 792 ἔχων
589 704 626 773 έν
639 702 769 793 χάριτος
782 711 882 795 μοίρᾳ
899 710 1048 787 τίθεται,
1069 699 1109 770 τά
1130 707 1199 770 ίδια
1219 729 1301 789 καρ-

350 813 498 879 ποῦσθαι
511 801 703 894 νομίζων,δ
724 805 761 875 δὲ
779 813 849 876 των
870 811 1004 876 οἰκείων
1024 807 1199 895 στερηθεὶς
1220 803 1301 873 αίω’·

350 940 426 1009 νιον
439 916 505 999 ἔχει
523 906 586 998 τὴν
605 909 737 999 μνήμην
755 916 817 980 τοῦ
836 908 1067 997 λελυπηκότος.
1105 906 1179 979 οὐδ’
1203 918 1238 976 ελ
1253 935 1304 987 τις

351 1017 384 1094 ές
396 1011 433 1083 τδ
447 1010 561 1084 κοινὸν
574 1010 696 1103 χρηστὴ
711 1016 841 1099 γένοιτο
854 1012 1028 1102 μεταβολή,
1042 1009 1141 1093 αὐτός
1153 1040 1185 1081 τι
1200 1012 1303 1080 πλέον
1319 1034 1332 1076 ε

351 1123 563 1207 καρποῦσθαι
591 1124 732 1204 νομίζει,
755 1118 827 1185 ἐπεὶ
847 1117 988 1205 τοῦμὲν
1009 1120 1229 1205 δημωφελοῦς
1248 1116 1305 1183 καὶ

350 1226 446 1310 κοινῇ
461 1221 677 1310 διαφέροντος
690 1216 786 1309 ὀλίγη
799 1235 867 1300 τοῖς
880 1217 962 1289 καθ’
978 1224 1038 1290 ἕνα
1053 1226 1200 1310 φροντίς,
1214 1216 1252 1287 τδ
1267 1216 1305 1287 δὲ

350 1321 430 1395 καθ’
454 1320 557 1392 αὑτὸν
578 1326 713 1403 ἕκαστος
734 1330 764 1391 εί
781 1321 826 1412 μὴ
847 1320 930 1392 κατά
949 1322 1087 1412 γνώμην
1107 1329 1305 1413 προχωροίη,

317 1447 336 1500 9
352 1424 453 1499 υάδέν
465 1454 498 1496 τι
510 1428 594 1515 μέγα
608 1422 814 1515 ὠφελεῖσθαι
827 1433 960 1515 νομίζει.
1014 1431 1048 1496 οἵ
1064 1455 1101 1496 τε
1120 1427 1307 1514 εἰθισμένοι

349 1547 421 1610 ταῖς
434 1536 494 1619 τῆς
504 1536 704 1620 τυραννίδος
717 1527 863 1620 ἀκρίτοις
876 1533 931 1599 καὶ
945 1527 1098 1619 ἀφειδέσι
1111 1533 1345 1619 μεγαλοδω--τω

350 1641 438 1725 ρίαις
452 1637 623 1724 ἐντρυφᾶν
642 1630 704 1723 τὴν
723 1637 757 1714 ές
777 1631 815 1704 τδ
835 1637 1109 1724 σωφρονέστερον
1128 1635 1184 1702 καὶ
1203 1659 1304 1722 μεμε-

349 1738 514 1829 τρημένον
528 1735 583 1807 διὰ
597 1736 722 1806 σπάνιν
738 1736 916 1827 χρημάτων
935 1734 1124 1826 μεταβολὴν
1144 1732 1185 1807 οά
1206 1743 1304 1824 φιλο-

350 1842 510 1929 σώφρονα
529 1837 608 1909 οὐδὲ
636 1839 826 1930 σύμμετρον
846 1842 902 1909 καὶ
916 1836 1122 1931 ικεκριμένην
1141 1845 1307 1927 διοίκησιν

350 1942 585 2031 ὀνομάζουσιν,
605 1940 689 2012 ἀλλά
710 1950 927 2032 μικρολογίαν
948 1946 1004 2012 καὶ
1025 1941 1207 2032 ἀθλιότητα
1229 1949 1307 2031 βίου

350 2044 587 2132 ὀνειδίζουσιν,
602 2042 663 2115 οὐκ
685 2045 809 2126 εἰδότες
830 2042 879 2115 ὅτι
903 2044 940 2115 τὸ
961 2048 1022 2135 μὲν
1042 2046 1168 2136 μεγάλα
1188 2048 1245 2115 καὶ
1263 2039 1307 2123 ἀς
1325 2067 1347 2109 ιε

350 2158 446 2237 ἔτυχε
458 2156 650 2239 χαρίζεσθαι
664 2146 725 2219 οάκ
745 2144 788 2218 ἀν
801 2153 1008 2238 περιγένοιτο
1022 2157 1053 2220 εἰ
1064 2148 1113 2239 μὴ7
1123 2154 1159 2219 ἐκ
1172 2154 1233 2220 τοῦ
1246 2144 1306 2237 ἀρ-

350 2254 465 2336 πάζειν
478 2255 534 2321 καὶ
547 2251 738 2340 βιάζεσθαι,
760 2249 798 2322 τδ
813 2253 851 2322 δὲ
863 2258 1010 2346 λογισμῷ
1030 2255 1138 2324 πάντα
1156 2255 1213 2322 καλ
1232 2247 1304 2321 κατ’

351 2356 447 2440 ἀξίαν
462 2356 601 2425 ἑκάστον
615 2358 730 2444 νέμειν
743 2353 827 2425 ἀνευ
840 2362 902 2425 τοῦ
916 2356 1029 2427 δεινόν
1049 2386 1081 2427 τι
1103 2363 1242 2447 δρᾶσαι,
1263 2350 1307 2443 μὴ

352 2461 497 2549 παρέχον
510 2456 628 2529 ἀδίκου
643 2457 805 2550 εὐπορίαν
818 2460 1012 2548 χρημάτων,
1033 2459 1185 2531 διδάσκει
1199 2453 1308 2547 φειδεδ

300 2584 335 2637 10
351 2565 512 2654 σώφρονα
524 2568 592 2633 των
611 2569 720 2643 καλῶς
740 2565 983 2653 πορισθέντων.
1036 2569 1140 2633 ταῦτα
1159 2560 1201 2651 δὴ
1222 2558 1308 2651 ὑμᾶς
1324 2590 1350 2631 ω

351 2667 537 2757 ἐγνωκότας
561 2664 623 2756 χρὴ
644 2675 883 2758 συναίρεσθαι,
904 2669 960 2736 καὶ
981 2665 1098 2756 κοινὴν
1123 2672 1181 2755 τῆς
1207 2663 1309 2754 ἀρχῆς

349 2771 411 2862 τὴν
425 2777 592 2858 διοίκησιν
604 2777 814 2859 νομίζοντας,
836 2768 1094 2861 ἀριστοκρατίαν
1111 2798 1147 2840 τε
1169 2764 1244 2839 ἀλλ’
1269 2765 1309 2839 οὐ

350 2879 536 2963 τυραννίδα
549 2869 812 2961 ὑπομενοῦντας,
820 2871 943 2952 αὐτούς
956 2901 992 2941 τε
1005 2870 1136 2960 ἀγαθάς
1150 2879 1240 2961 ἔχειν
1254 2876 1308 2941 ε’λ-

351 2983 451 3056 πίδας
463 2977 519 3043 καὶ
533 2981 613 3043 πᾶσι
627 2990 694 3054 τοῖς
712 2973 905 3063 ἀρχομένοις
917 2981 1020 3045 ταῦτα
1039 2972 1308 3065 ὑπισχνεῖσθαι.”

301 3106 333 3159 11
452 3082 588 3148 τοιαῦτα
601 3071 619 3146 δ
633 3080 799 3167 Περτίναξ
821 3077 926 3149 είπιδν
937 3074 1088 3168 ἀπερῆσέ
1098 3109 1134 3151 τε
1147 3077 1210 3169 τὴν
1224 3078 1306 3167 σύγ·
1325 3110 1349 3150 νε

350 3193 473 3271 κλητον
486 3179 632 3270 βουλήν,
646 3179 799 3271 καὶπρὸς
813 3180 949 3251 πάντων
964 3180 1189 3273 εὐφημηθείς,
1204 3182 1310 3271 πάσης

350 3314 386 3356 τε
400 3289 496 3373 τιμῆς
511 3286 567 3353 καὶ
580 3289 697 3364 αίδοῦς
712 3281 792 3371 παρ’
809 3282 923 3355 αὐτῶν
935 3286 1064 3374 τυχων,
1079 3294 1113 3369 ές
1126 3314 1162 3356 τε
1175 3284 1237 3357 τδν
1250 3292 1310 3357 τοῦ

351 3386 434 3466 Διὸς
447 3385 536 3456 νεεδν
550 3388 606 3456 καὶ
618 3386 659 3456 τά
673 3386 772 3457 λοιπά
793 3386 865 3473 ίερά
887 3399 1071 3478 πεμφθείς,
1091 3391 1149 3471 τάς
1168 3417 1204 3459 τε
1223 3386 1311 3481 ὑπὲρ

351 3499 409 3581 τῆς
430 3497 600 3579 βασιλείας
619 3499 742 3571 θυσίας
763 3494 913 3578 τελέσας,
928 3496 961 3573 ἐς
980 3493 1042 3584 τὴν
1055 3502 1229 3583 βασίλειον
1251 3498 1309 3564 ε’π-

352 3591 641 3686 ανῆλθεναύλήν.’
1326 3631 1352 3673 ³⁰

319 3709 340 3769 4
456 3698 528 3767 ἐπεὶ
544 3697 580 3766 δὲ
595 3692 840 3786 διεφοίτησενὴ
863 3697 954 3788 φήμη
973 3702 1041 3766 τῶν
1061 3723 1096 3765 τε
1117 3700 1310 3785 λεχθέντων

270 3797 296 3890 [¹
345 3798 413 3870 ἀπ’
426 3798 539 3871 αάτοά
555 3803 596 3873 ἐν
614 3805 655 3893 τῇ
675 3799 849 3897 συγκλήτῳ
871 3803 927 3872 καλ
945 3805 1014 3871 τοῖν
1033 3797 1115 3892 πρὸς
1128 3798 1187 3871 τδν
1201 3807 1310 3893 δῆμον
