3134 4367
680 436 858 498 ΠΡΩΤΟΝ
1205 436 1244 498 21

288 608 327 679 δέ
339 606 442 679 πάλαι
456 606 519 697 μὲν
532 608 566 691 ἐξ
581 603 730 698 οῦρανοῦ
743 613 987 697 κατενεχθῆναι
999 610 1095 699 λόγος
1116 616 1151 691 ἐς
1168 636 1245 680 τινα

287 719 345 802 τής
367 719 519 803 Φρυγίας
537 716 648 802 χῦρον
667 711 869 801 (Πεσσινοῦς
888 712 925 781 δὲ
945 709 1049 802 ὄνομα
1066 711 1168 807 αὐτῷ,
1183 711 1245 803 τήν

287 817 326 887 δέ
349 822 578 906 προσηγορίαν
604 823 722 905 λαβεῖν
740 812 801 884 τόν
825 815 929 885 τόπον
949 818 986 885 ἐκ
1005 824 1065 886 τοῦ
1085 816 1244 897 πεσόντος

285 918 474 1008 ἀγάλματος
494 921 527 1003 ἐξ
547 914 708 1009 οῦρανοῦ)
728 920 784 988 καί
803 924 937 1008 πρῶτον
955 923 1062 989 ἐκεῖσε
1081 918 1242 1010 ὀφθῆναι.

255 1047 269 1088 ε
287 1019 332 1104 ῦς
345 1024 384 1093 δέ
397 1018 478 1113 παρ’
495 1024 618 1111 ἑτέροις
631 1018 867 1115 εῦρομεν,”ίλςο
887 1028 934 1116 τῷ
953 1025 1063 1113 Φρυγὶ
1077 1025 1133 1092 καὶ
1156 1033 1275 1093 Tam-2

284 1125 374 1220 τάλφ
394 1131 441 1219 τῷ
461 1131 565 1219 Λυδῷ
582 1123 729 1213 πόλεμον
748 1128 820 1195 ἐκεῖ
839 1128 999 1213 γενέσθαι
1013 1130 1191 1215 λέγουσιν,
1212 1132 1246 1195 οἳ

284 1231 348 1319 μὲν
360 1231 439 1319 περὶ
452 1226 560 1319 ὅρων,
575 1236 608 1298 οἳ
621 1229 659 1298 δὲ
672 1230 750 1319 περὶ
763 1233 821 1317 τῆς
840 1229 1062 1319 Γανυμήδους
1074 1226 1242 1319 άρπαγής·

284 1332 468 1424 ἰσορρόπου
482 1332 520 1402 δέ
534 1334 589 1402 ἐπὶ
602 1328 689 1402 πολῦ
702 1337 759 1422 της
772 1331 876 1420 μάχης
889 1336 1069 1424 γενομένης
1083 1334 1245 1421 ἑκατέρω-

283 1449 351 1507 θεν
364 1451 482 1506 πεσεῖν
495 1435 648 1522 ίκανοῦς,
662 1436 719 1505 καὶ
732 1432 796 1525 τήν
812 1434 991 1525 συμφορὰν
1005 1435 1109 1528 όνομα
1124 1442 1245 1507 δοῦναι

243 1569 268 1608 ιο
283 1546 332 1635 τῷ
358 1547 480 1633 χωρίφ.
520 1545 607 1609 ἔνθα
629 1541 686 1609 καὶ
711 1536 771 1609 τόν
797 1539 1003 1628 Γανυμήδην
1028 1538 1246 1631 ἁρπασθέντα

282 1642 399 1733 άφανή
418 1644 579 1730 γενέσθαι
587 1642 695 1730 λόγος,
706 1638 945 1712 ἀνθελκόντων
958 1640 1062 1714 αὐτὸν
1074 1650 1134 1713 τοῦ
1144 1640 1243 1714 άδελ-

283 1751 354 1837 φοῦ
368 1748 425 1816 καί
438 1751 499 1815 τοῦ
514 1748 672 1835 ἐραστοῦ·
693 1740 846 1832 ἀφανοῦς
859 1746 898 1815 δέ
910 1749 1093 1835 γενομένου
1102 1751 1163 1816 τοῦ
1176 1743 1242 1815 σοι’-

282 1877 385 1940 ματος
398 1852 643 1938 ἐκθειασθήναι
655 1846 694 1919 τό
707 1847 817 1929 πάθος
830 1854 890 1917 τοῦ
897 1858 1073 1939 μειρακίου
1083 1853 1117 1931 ἐς
1129 1855 1244 1939 μῦθον

282 1955 341 2023 καὶ
353 1949 417 2042 τήν
429 1950 513 2032 Διός
527 1948 691 2042 ἁρπαγήν.
719 1954 757 2020 ἐν
777 1953 815 2023 δὲ
835 1958 883 2046 τῷ
901 1956 1130 2047 προειρημένῳ
1152 1962 1242 2022 Πεσ-

243 2082 267 2124 ιε
282 2062 436 2127 σινοῦντι
450 2055 552 2125 πάλαι
569 2055 632 2143 μὲν
648 2054 780 2144 Φρῦγες
802 2050 963 2144 ῦργίαζον
975 2059 1031 2127 ἐπί
1043 2063 1090 2151 τῷ
1107 2061 1244 2150 ποταμῷ

280 2160 402 2253 Γάλλφ
422 2161 662 2249 παραρρέοντι,
681 2156 743 2246 ἀφ’
764 2148 806 2228 οῦ
825 2155 888 2247 τήν
907 2163 1103 2249 ἐπωνυμίαν
1117 2162 1241 2250 φέρου-

282 2285 339 2333 σιν
361 2268 396 2332 οί
411 2267 548 2355 τηῖθεῷ
570 2270 683 2352 τομίαι
704 2264 894 2351 ίερωμένοι·
922 2265 994 2333 ἐπεί
1016 2265 1054 2334 δέ
1072 2259 1274 2353 Ῥωμαίωνθ

280 2365 400 2458 ηὔξετο
413 2363 455 2437 τά
468 2364 659 2456 πράγματα,
682 2367 787 2453 φασίν
799 2362 912 2446 αῦτοῖς
923 2373 1113 2457 χρησθῆναι
1127 2381 1243 2456 μενεῖν

261 2474 268 2484 ‘
282 2498 319 2541 τε
331 2468 395 2559 τήν
409 2466 515 2559 ἀρχήν
527 2470 584 2538 καὶ
604 2472 637 2549 ἐς
652 2471 737 2559 μέγα
754 2469 1002 2559 προχωρήσειν,
1024 2478 1056 2541 εί
1075 2467 1138 2559 τήν
1149 2478 1240 2538 Πεσ-

240 2603 267 2644 w
283 2581 480 2645 σινονντίαν
491 2569 576 2644 θεόν
594 2572 814 2661 μεταγάγοιεν
833 2567 877 2651 ῦς
893 2569 1025 2653 αῦτοῦς.
1054 2574 1292 2660 πέμψαντεςὶηλ·

283 2679 322 2748 δὲ
334 2678 492 2767 πρέσβεις
505 2680 539 2756 ἐς
553 2676 690 2766 Φρύγας
710 2671 748 2744 τὸ
768 2673 901 2762 άγαλμα
920 2672 1042 2764 ήτουν·
1066 2680 1185 2761 ἔτυχον
1204 2672 1243 2743 δὲ

281 2786 424 2874 ῥαδίως,
438 2781 639 2867 συγγένειαν
653 2776 920 2867 προβαλλόμενοι
935 2780 991 2847 καὶ
1010 2774 1073 2867 τήν
1092 2773 1151 2847 ἀπ’
1176 2782 1240 2847 Αί-

280 2891 376 2955 νείου
389 2888 451 2952 τοῦ
465 2881 599 2973 Φρυγός
619 2885 652 2963 ἐς
671 2877 793 2961 αῦτοῦς
813 2879 973 2970 διαδοχήν
993 2882 1241 2968 καταλέγοντες.

280 2985 446 3077 κομισθὲν
470 2986 509 3055 δέ
531 2988 587 3056 ἐπί
608 2981 693 3065 νεός
715 2983 753 3054 τό
775 2982 908 3073 άγαλμα
927 2988 983 3075 καί
1003 2984 1186 3075 γενόμενον
1203 2987 1241 3055 ἐν

240 3121 266 3164 ω
280 3106 352 3172 ταῖς
365 3095 427 3159 τοῦ
441 3088 633 3180 Θῦμβριδος
646 3092 798 3177 ἐκβολαῖς
812 3088 958 3173 (ταῦταις
979 3087 1043 3179 γάρ
1058 3087 1133 3159 ἀντὶ
1146 3090 1238 3178 λιμέ-

279 3223 352 3266 νων
379 3195 525 3284 έχρῦντο
552 3197 586 3263 οί
606 3189 772 3281 Ῥωμαῖοι)
795 3198 910 3281 ἐστησε
929 3200 1010 3283 θεία
1037 3192 1180 3281 δυνάμει
1203 3190 1241 3261 τό

279 3298 418 3386 σκάφος.
471 3298 527 3366 ἐπὶ
545 3294 632 3366 πολῦ
653 3297 691 3367 δὲ
711 3297 879 3385 πανδημεὶ
898 3301 967 3365 τῦν
986 3291 1158 3385 Ῥωμαίων
1177 3292 1271 3384 τήν4

279 3407 369 3471 ναῦν
389 3399 619 3488 ἐφελκόντων,
646 3397 847 3489 άντεχοόσης
864 3404 923 3487 τῆς
943 3398 1035 3479 ίλῦος
1054 3396 1095 3469 οῦ
1118 3398 1238 3489 πρότε-

280 3532 343 3596 ρον
362 3499 383 3592 ή
403 3508 486 3584 ναῦς
499 3501 666 3591 ἀνέδραμε
685 3505 767 3593 πρὶν
788 3498 809 3592 ή
828 3500 890 3591 τήν
910 3504 1038 3592 ίέρειαν
1059 3506 1240 3591 ἐνεχθήναι

241 3642 266 3685 τι
281 3613 341 3696 τῆς
355 3602 493 3688 Ἑστίας.
521 3605 646 3695 ταύτην
665 3612 734 3676 ἔδει
755 3604 1049 3696 παρθενεύεσθαι,
1070 3612 1182 3675 αἰτίαν
1201 3600 1241 3670 δέ

281 3715 473 3799 διαφθοράς
489 3709 588 3798 είχεν.
617 3703 662 3788 ῦς
674 3712 840 3799 μέλλουσα
861 3709 899 3779 δὲ
919 3708 1159 3801 κριθήσεσθαι,
1170 3708 1238 3773 ι’κε-

281 3814 373 3885 τεῦει
385 3811 446 3885 τόν
456 3819 564 3904 δῆμον
575 3814 752 3908 ἐπιτρέψαι
769 3820 812 3911 τῇ
826 3819 1089 3907 Πεσσινοῦντίη
1106 3810 1184 3901 θεῷ
1200 3802 1269 3891 &W
