3134 4367
325 437 365 498 22
715 435 895 499 ΠΡΩΤΟΝ

324 618 451 700 κρίσιν·
465 610 523 679 καὶ
541 612 710 699 λυσαμένη
729 608 792 699 τήν
805 608 914 699 ζώνην
933 611 1086 698 ἐπαφῆκε
1105 614 1145 697 τῇ
1165 609 1284 705 πρῴρᾳ

323 721 381 803 τής
394 711 495 799 νεώς,
509 715 774 803 προσευξαμένη,
797 720 828 783 εί
847 716 1017 803 παρθένος
1038 722 1089 800 είη
1110 714 1166 781 καὶ
1186 708 1284 803 ἁγνή,

295 831 311 884 5
326 824 508 906 πεισθῆναι
521 815 559 886 τό
572 816 709 905 σκάφος.
762 820 887 909 ῥηιδίως
901 817 940 886 δὲ
959 823 1017 905 τής
1030 815 1134 905 ζώνης
1148 818 1284 908 ἐξηρτη-

324 926 425 1013 μένης
441 917 463 1009 ή
484 926 567 1000 ναῦς
584 918 833 1009 ἠκολούθησεν·
855 916 941 1010 ὁμοῦ
964 921 1002 989 δέ
1021 918 1058 989 τό
1079 921 1215 1010 ἐναργὲς
1228 927 1286 1010 τής

324 1031 410 1096 θεοῦ
424 1022 523 1094 καὶτὸ
530 1022 654 1112 σεμνόν
660 1030 717 1113 τῆς
725 1027 901 1114 παρθένου
910 1020 1060 1112 Ῥωμαῖοι
1075 1024 1284 1113 ἐθαύμασαν.
1302 1040 1315 1079 ⁵

425 1127 650 1216 τοσαῦταμὲν
671 1126 713 1218 δή
726 1133 784 1217 τής
796 1134 1061 1207 Πεσσινουντίας
1080 1135 1166 1198 θεοῦ
1187 1138 1284 1217 φιλο-

325 1232 499 1322 τιμότερον
513 1230 719 1320 ίστορήσθω,
741 1228 804 1301 οῦκ
817 1229 937 1322 ἄχαριν
950 1234 1065 1314 ἕξοντα
1078 1237 1206 1319 χνῦσιν
1218 1248 1286 1311 τοῖς

326 1334 366 1405 τά
381 1332 551 1424 Ῥωμαίων
564 1332 626 1403 οὐκ
646 1333 860 1425 ἀκριβοῦσιν·
885 1330 903 1404 ὁ
923 1335 961 1404 δὲ
981 1333 1158 1423 Κόμμοδος
1178 1339 1285 1423 ἐκφυ-

327 1437 398 1527 γών
411 1436 473 1528 τήν
485 1440 668 1528 Ματέρνου
682 1438 882 1528 ἐπιβουλήν,
897 1444 1031 1508 πλείονί
1040 1464 1077 1507 τε
1092 1441 1169 1528 περί
1183 1434 1288 1508 αῦτόν

328 1545 445 1631 έχρήτο
459 1547 593 1634 φρουρᾷ
606 1544 663 1611 καί
681 1549 830 1623 σπανίως
849 1558 918 1622 τοῖς
937 1541 1054 1631 δήμοις
1074 1544 1283 1631 ἐπεφαίνετο,
1308 1563 1331 1603 1⁰

328 1644 368 1714 τά
382 1654 520 1716 πλεῖστα
533 1647 572 1714 έν
585 1652 794 1736 προαστείοις
806 1646 863 1714 καὶ
878 1662 948 1726 τοῖς
968 1642 1128 1735 ἀπωτέρω
1148 1651 1206 1736 τής
1225 1646 1286 1716 πό-

329 1758 413 1829 λεως
426 1757 610 1838 βασιλικοῖς
623 1749 763 1840 κτήμασι
778 1755 972 1839 διατρίβων,
987 1750 1043 1818 καὶ
1057 1748 1178 1819 ἑαυτὸν
1192 1756 1287 1819 δικα-

330 1861 477 1942 στηρίων
489 1849 660 1943 άπείρχων
673 1854 731 1921 καί
751 1858 935 1939 βασιλικῶν
948 1852 1111 1942 πράξεων.

284 1952 320 2013 ¹2
433 1956 559 2043 συνέβη
580 1955 618 2024 δὲ
638 1954 714 2023 κατ’
737 1957 846 2024 έκεῖνο
866 1960 986 2045 καιροῦ
1011 1955 1160 2044 λοιμώδη
1187 1954 1290 2024 νόσον

330 2073 507 2145 κατασχεῖν
519 2056 583 2146 τήν
598 2055 754 2128 Ἰταλίαν·
773 2057 914 2146 μάλιστα
928 2058 966 2127 δέ
979 2056 1016 2127 τό
1030 2058 1140 2139 πάθος
1153 2063 1193 2147 τῇ
1210 2055 1287 2126 Ῥω·
1309 2079 1332 2120 1⁵

330 2168 440 2249 μαίων
454 2159 548 2230 πόλει
562 2158 712 2251 ήκμασεν
724 2157 782 2231 άτε
800 2161 1059 2256 πολυανθρώπφ
1073 2190 1109 2231 τε
1123 2159 1208 2251 οῦση
1222 2161 1289 2251 φῦ-

331 2283 383 2332 σει
396 2266 453 2333 καὶ
466 2262 545 2343 τοῦς
559 2264 771 2352 πανταχόθεν
791 2261 1038 2354 ὑποδεχομένη,
1060 2264 1166 2356 πολλή
1188 2268 1227 2335 τέ
1242 2293 1292 2345 τις

302 2365 450 2458 υφθορά
464 2370 595 2455 ἐγένετο
614 2364 806 2453 ὑποζυγίων
824 2365 891 2456 άμα
910 2370 967 2437 καὶ
986 2366 1190 2459 ἀνθρώπων.
1216 2368 1292 2439 τότε

280 2467 367 2539 υσεδ
380 2471 572 2560 Κόμμοδος,
587 2470 913 2559 συμβουλευσάντων
926 2468 1016 2564 αὐτῷ
1030 2477 1134 2542 τινών
1155 2478 1292 2561 ίατρών,

333 2577 366 2656 ές
379 2574 441 2665 τήν
452 2574 649 2664 Λαῦρεντον
662 2572 889 2666 ἀνεχώρησεν·
912 2570 1156 2665 εῦψυχέστερον
1172 2573 1237 2666 γάρ
1252 2572 1293 2646 δν
1308 2598 1335 2639 ιο

332 2677 370 2749 τό
384 2687 508 2769 χωρίου
521 2681 576 2748 καί
596 2685 761 2768 μεγίστοις
778 2678 958 2749 κατάσκιον
978 2678 1210 2768 δαφνηφόροις
1232 2678 1291 2750 άλ-

333 2803 444 2866 σεσιν,
466 2780 550 2852 ὅθεν
569 2785 626 2852 καί
645 2781 682 2851 τό
705 2780 811 2871 όνομα
823 2788 869 2876 τῷ
883 2790 1011 2876 χωρίῳ,
1026 2782 1191 2872 σωτήριον
1206 2781 1293 2853 εἶναι

334 2883 460 2967 ἐδόκει,
475 2887 532 2953 καὶ
546 2884 628 2975 πρὸς
641 2883 703 2974 τήν
715 2891 776 2953 τοῦ
790 2883 886 2975 ἀέρος
900 2884 1038 2975 φθοράν
1050 2882 1202 2974 ἀντέχειν
1221 2888 1292 2957 έλέ-

334 3015 412 3075 γετο
426 2985 552 3078 εῦωδίηι
564 3015 601 3057 τε
613 2991 671 3074 τής
683 2992 752 3056 τών
766 2994 907 3075 δαφνών
916 2985 1088 3079 ἀποφοράς
1101 2992 1158 3059 καί
1170 2995 1211 3079 τῇ
1223 2996 1294 3060 τών

336 3094 490 3179 δένδρων
502 3086 599 3183 ήδείηι
613 3093 700 3181 σκιᾷ.
724 3086 809 3160 ἀλλά
823 3092 878 3159 καί
895 3095 930 3159 οί
940 3090 1022 3160 κατά
1036 3090 1098 3182 τήν
1110 3093 1220 3178 πόλιν,
1234 3121 1290 3163 κε·
1308 3111 1336 3153 2⁵

335 3194 506 3265 λευόντων
526 3199 595 3263 τών
615 3198 755 3280 ίατρών,
781 3194 891 3284 μάρου
919 3191 1149 3267 εῦωδεστάτου
1175 3195 1232 3277 τάς
1256 3226 1294 3267 τε

335 3295 516 3388 όσφρήσεις
535 3299 592 3366 καί
610 3294 651 3365 τά
672 3288 740 3366 ώτα
761 3300 1028 3386 ἐνεπίμπλασαν,
1047 3300 1241 3389 θυμιάμασί
1257 3328 1294 3370 τε

336 3404 392 3471 καὶ
406 3398 557 3490 ἀρώμασι
571 3406 719 3489 συνεχοῦς
732 3404 887 3491 έχρῦντο,
902 3403 1102 3491 φασκόντων
1113 3409 1218 3473 τινών
1231 3403 1295 3494 τήν

337 3502 485 3576 εῦωδίαν
498 3504 679 3594 φθάσασαν
693 3505 895 3593 ἐμπιπλάναι
915 3505 993 3587 τοῦς
1013 3507 1137 3596 πόρους
1157 3513 1226 3577 τών
1239 3515 1293 3577 αί-

337 3607 494 3697 σθήσεων
519 3612 576 3679 καί
604 3608 750 3679 κωλῦειν
776 3611 933 3696 δέχεσθαι
963 3608 1001 3681 τό
1027 3615 1206 3698 φθορώδες
1231 3618 1293 3682 τοῦ
1309 3640 1336 3681 οο

338 3710 449 3801 ἀέρος,
463 3708 485 3801 ή
501 3720 533 3783 εί
543 3718 604 3781 καί
618 3738 651 3781 τι
671 3713 889 3801 προεμπέσοι,
907 3710 1167 3801 κατεργάζεσθαι
1186 3716 1291 3785 δυνά-

209 3831 211 3834 ·
320 3840 385 3893 ,κει
395 3822 577 3903 κρειττονι.
594 3811 686 3905 πλήν
697 3811 799 3885 οὐδέν
811 3804 911 3906 ήττον
923 3811 945 3906 ή
958 3814 1056 3895 νόσος
1068 3818 1124 3886 έπί
1137 3826 1294 3890 πλεῖστον
