3134 4367
652 438 876 499 AEYTEPON
1200 438 1241 500 39

379 602 579 697 “Κόμμοδος
591 608 654 697 μὲν
667 604 748 698 ήμῐν
767 604 786 678 ὁ
808 607 966 698 βασιλεῦς
978 612 1144 701 τέθνηκεν
1156 608 1238 682 ἄπο·
1255 629 1272 684 6

277 714 422 802 πληξίᾳ,
442 720 547 790 αἴτιος
566 711 604 782 δέ
623 717 685 781 τοῦ
703 712 858 782 τοιούτου
884 713 1035 783 θανύτου
1055 713 1117 785 οῦκ
1144 713 1243 797 ἄλλος

278 812 355 885 ἀλλ’
372 809 473 893 αὐτὸς
487 808 594 907 αύτῷ·
617 814 888 904 συμβουλεύουσι
901 814 965 908 γὰρ
978 812 1058 905 ἡμῖν
1071 817 1111 888 τῦ
1124 816 1243 909 ἄριστα

279 917 334 989 ἀεὶ
361 920 419 986 καὶ
444 916 591 1007 σωτήρια
609 917 655 1008 μή
682 919 901 1008 πειθόμενος,
927 912 1024 1008 βιούς
1046 921 1084 990 δὲ
1110 917 1154 1002 ός
1180 919 1242 992 οῦκ

250 1020 453 1111 εᾶγνοεῑτε,
473 1017 541 1090 ῦπό
567 1022 720 1111 πλήθους
751 1020 948 1111 ἀποπνιγεὶς
969 1022 1150 1114 διεφθάρη.
1184 1023 1244 1094 τόν

279 1126 344 1215 μέν
357 1115 421 1194 οῦν
434 1127 596 1213 κατέλαβε
609 1123 750 1205 τέλοςτὰ
764 1130 998 1216 πεπρωμένον·
1013 1123 1094 1197 οῦδὲ
1107 1125 1171 1217 γὰρ
1184 1135 1243 1216 μία

279 1225 358 1299 οὐδ’
380 1223 401 1317 ή
422 1223 506 1316 αῦτή
528 1234 630 1298 πᾶσιν
652 1226 849 1319 ἀνθρώποις
867 1229 1020 1300 θανάτου
1041 1237 1146 1317 αἰτία,
1168 1230 1243 1300 διό-

280 1359 382 1422 φοροι
397 1330 435 1400 δὲ
449 1322 546 1400 οὖσαι
560 1335 593 1411 ἐς
607 1336 645 1401 ἓν
664 1335 767 1421 τέρμα
787 1340 865 1421 βίον
883 1339 1113 1404 συντελοῦσιν.
1166 1330 1241 1404 ἀλλ’
1260 1349 1275 1405 7

279 1432 357 1506 ἄντ’
376 1437 510 1503 ἐκείνου
530 1433 594 1524 γὰρ
613 1429 695 1524 ύμῖν
714 1432 840 1525 ἄγομεν
858 1431 952 1525 ήμεῑς
969 1465 1005 1507 τε
1025 1440 1082 1507 καὶ
1102 1433 1120 1507 ὁ
1141 1443 1245 1527 δῆμος

241 1565 264 1605 ιο
280 1544 351 1609 των
365 1533 535 1627 Ῥωμαίων
548 1536 656 1627 ἄνδρα
668 1535 731 1627 τήν
750 1540 813 1627 μὲν
833 1534 968 1629 ήλικίαν
988 1538 1112 1629 σεμνόν
1129 1540 1189 1610 τόν
1207 1540 1245 1609 δὲ

280 1649 361 1731 βίον
374 1640 553 1731 σώφρονα,
572 1640 691 1733 ἀρετῆς
705 1641 743 1710 δέ
756 1647 815 1731 τής
828 1645 865 1711 ἐν
874 1649 987 1733 ἐργοις
1001 1650 1174 1733 ἔμπειρον·
1197 1633 1246 1713 ὧν

281 1751 318 1815 οἱ
328 1746 391 1835 μὲν
405 1743 626 1836 πρεσβύτεροι
636 1748 772 1814 καὶτῶν
782 1752 1030 1834 στρατιωτικῶν
1039 1743 1145 1815 αὐτοῦ
1160 1746 1243 1837 κρό-

281 1854 369 1933 ξεων
384 1847 602 1937 ἐπειράθητε,
620 1854 656 1918 οἱ
671 1848 711 1918 δὲ
723 1851 834 1918 λοιποὶ
846 1855 906 1938 τῆς
919 1849 1046 1929 πόλεως
1060 1849 1245 1938 ἐπάρχοντα

282 1950 455 2022 τοσούτων
468 1954 553 2021 ἐτῦν
566 1950 618 2022 ἀεὶ
633 1950 689 2022 διὰ
701 1958 798 2041 τιμής
810 1980 846 2022 τε
866 1955 922 2022 καὶ
935 1953 1108 2043 θαύματος
1121 1960 1243 2042 ἔσχετε.

242 2082 265 2124 ιε
284 2062 410 2126 δίδωσί
431 2082 468 2123 τε
487 2050 569 2144 ὑμῖν
587 2051 608 2145 ή
629 2055 712 2144 τύχη
732 2053 773 2125 οῦ
793 2060 932 2144 βασιλέα
952 2057 1057 2146 μόνον
1077 2054 1162 2126 ἄλλα
1188 2058 1280 2127 καὶὸ

282 2161 412 2250 πατέρα
424 2157 577 2248 χρηστόν.
606 2155 771 2247 εὐφρανεῖ
781 2186 818 2228 τε
833 2155 854 2249 ή
868 2165 969 2229 τοῦδε
982 2156 1065 2249 ἀρχή
1080 2157 1141 2248 οῦχ
1161 2155 1247 2250 ὑμᾶς

282 2261 391 2353 μόνον
403 2259 481 2341 τοῦς
494 2266 657 2332 ἐνταυθοῖ
670 2267 962 2352 δορυφοροῦντας,
986 2260 1070 2333 ιἰλλόι
1092 2265 1149 2332 καὶ
1168 2260 1248 2343 τοῦς

281 2367 341 2436 ἐπὶ
355 2381 428 2444 ταῖς
441 2362 559 2452 ὄχθαις
572 2370 641 2434 νῦν
655 2371 815 2455 ποταμῶν
833 2369 889 2436 καλ
908 2365 986 2447 τοῦς
1001 2370 1056 2436 ἐπὶ
1074 2383 1144 2446 τοῖς
1158 2364 1247 2456 ὅροις

283 2475 343 2558 τῆς
357 2464 527 2556 Ῥωμαίων
543 2465 645 2558 ἆρχής
666 2472 885 2558 ἱδρυμένους,
908 2477 941 2539 οἳ
959 2467 1022 2559 τήν
1043 2486 1164 2557 πεῖραν
1183 2466 1246 2537 αύ-

241 2600 269 2640 το
283 2577 346 2642 τοῦ
362 2576 431 2641 τῶν
445 2578 555 2661 ἔργων
568 2575 710 2662 φέρουσι
726 2570 782 2641 δια
796 2573 934 2662 μνήμης.
975 2572 1014 2641 τό
1026 2598 1062 2641 τε
1076 2570 1249 2661 βάρβαρον

284 2673 326 2746 οῦ
340 2674 506 2765 χρήμασιν
520 2681 569 2744 ἐτι
582 2673 851 2763 θεραπεύσομεν,
860 2682 960 2766 πείρα
974 2674 1012 2743 δὲ
1026 2664 1075 2742 ὧν
1088 2671 1172 2763 πρὸς
1185 2670 1247 2743 αῦ-

283 2783 348 2850 τοῦ
360 2777 553 2848 πεπόνθασι
566 2782 831 2867 στρατηγοῦντος
839 2777 935 2870 φόβφ
948 2772 1196 2860 ῦτοτόξονται.”

387 2888 525 2951 τοιαῦτα
546 2880 587 2971 δή
601 2884 755 2967 λέγοντος
771 2885 832 2951 τοῦ
844 2888 989 2966 Λαίτου,
1009 2879 1054 2971 μή
1074 2877 1248 2969 κατασχών
1262 2890 1279 2945 9

287 2981 410 3056 ἑαυτὸν
431 2981 449 3054 ὁ
471 2990 589 3074 δήμος,
610 2983 803 3073 μελλόντων
822 2983 885 3053 καῖ
898 2981 1092 3055 ὀκνούντων
1114 2990 1162 3054 ἐτι
1181 2988 1250 3053 τῶν

244 3124 272 3165 ιε
287 3093 520 3180 στρατιωτῶν,
534 3088 697 3177 σεβαστόν
712 3115 748 3157 τε
762 3085 962 3179 ἀναγορεύει
977 3090 1033 3157 καὶ
1048 3090 1175 3177 πατέρα
1189 3114 1249 3156 κα-

286 3203 340 3265 λεῑ
354 3191 475 3272 πόσαις
487 3218 524 3260 τε
542 3199 691 3283 γεραίρει
712 3189 901 3281 εὐφημίαις.
928 3192 1002 3262 τότε
1021 3194 1078 3260 καὶ
1098 3196 1133 3261 οἱ
1150 3211 1249 3282 στρα-

285 3301 422 3381 τιῶται,
438 3292 499 3383 οὐχ
513 3290 610 3385 ὁμοίᾳ
631 3296 693 3384 μέν
706 3302 898 3387 προθυμίᾳ,
920 3301 962 3383 τή
984 3295 1022 3365 δέ
1045 3297 1082 3363 ἐκ
1104 3300 1165 3364 τοῦ
1186 3320 1250 3364 πα-

270 3399 408 3489 -ρόντος
428 3397 582 3488 πλήθους
603 3394 732 3488 ἀνάγκη
755 3401 826 3479 (καὶ
844 3396 909 3488 γόιρ
930 3390 1017 3487 ἦσαν
1039 3397 1253 3486 πανταχόθεν

289 3499 359 3572 ὑπὸ
378 3507 440 3572 τοῦ
462 3501 572 3590 δήμου
592 3504 878 3592 περιειλημμένοι,
900 3497 1007 3589 ὀλίγοι
1030 3528 1066 3571 τε
1087 3504 1143 3570 καὶ
1169 3498 1253 3568 ἄνευ

249 3641 277 3682 ³⁰
292 3611 363 3676 τῶν
376 3602 492 3675 ὅπλων
507 3600 551 3684 ῦς
565 3607 602 3673 ἐν
616 3608 803 3696 ἱερομηνίᾳ)
811 3656 820 3690 ,
836 3601 924 3693 πλήν
938 3604 1185 3692 συνεξεβόησαν
1198 3599 1255 3668 καὶ
1271 3618 1306 3671 10

291 3706 457 3798 σεβαστόν
471 3723 655 3799 προσεῖπον
667 3704 726 3804 τόν
739 3715 946 3799 Περτίνακα·
963 3714 995 3786 ἐς
1014 3734 1050 3776 τε
1064 3704 1101 3774 τὸ
1122 3705 1254 3770 ἐκείνου

291 3810 400 3903 ὄνομα
412 3809 491 3894 τοῦς
504 3811 667 3903 συνήθεις
680 3806 802 3905 ὅρκους
816 3808 1002 3905 ὀμόσαντες
1012 3810 1073 3881 καὶ
1085 3804 1280 3887 θύσαντες,
