3134 4367
678 444 855 505 ΠΡΩΤΟΝ
1204 444 1245 506 27

285 618 414 699 πάντας
434 617 607 707 ἐτάραξεν·
628 613 707 687 οῦτε
726 615 791 709 γάρ
820 615 950 710 ὄμβρου
972 618 1245 709 προῦπάρξαντος

285 721 366 793 οῦτε
378 728 497 810 νεφῦν
510 718 786 811 ἀθροισθέντων,
807 728 947 811 σεισμοῦ
967 722 1005 791 δὲ
1024 719 1140 812 ὀλίγον
1161 748 1243 816 προ-

248 824 250 827 ’
285 827 472 915 γενομένου
485 829 564 913 γῆς,
586 834 652 893 εἴτε
665 831 815 914 σκηπτοῦ
835 825 969 916 νύκτωρ
989 829 1246 914 κατενεχθέντος

287 940 355 999 εἴτε
369 931 427 998 καὶ
436 928 542 1018 πυρός
554 938 664 997 ποθεν
676 931 713 997 ἐκ
723 933 783 997 τοῦ
798 934 937 1018 σεισμοῦ
950 932 1164 1020 ὃιαρρυέντος
1178 935 1246 1002 πάν

258 1032 323 1103 ετό
343 1038 404 1121 τῆς
425 1032 560 1122 εἰρήνης
585 1033 721 1120 τέμενος
745 1036 975 1124 κατεφλέχθη,
990 1036 1146 1122 μέγιστον
1171 1036 1250 1104 καλ..
1262 1065 1294 1103 ιιι

286 1136 468 1206 κάλλιστον
485 1134 667 1224 γενόμενον
681 1138 750 1204 τῦν
764 1136 802 1203 έν
815 1142 857 1226 τῇ
872 1137 966 1208 πόλει
981 1144 1099 1228 ἔργων.
1141 1146 1244 1206 πλου-
1261 1149 1279 1205 ³

287 1240 454 1310 σιάτατον
467 1239 505 1309 θλ
524 1230 569 1328 ἦν
588 1237 726 1308 πάντων
745 1241 864 1329 ίερῦν,
887 1238 934 1310 δι’
956 1238 1144 1329 ἀσφάλειαν
1165 1237 1246 1309 άνα-

287 1343 418 1432 θύμασι
431 1343 680 1431 κεκοσμημένον
698 1347 825 1431 χρυσοῦ
845 1370 882 1412 τε
901 1346 957 1413 καὶ
976 1342 1143 1435 ἀργύρου·
1170 1346 1248 1413 ἕκα-

288 1472 365 1527 στος
380 1447 434 1533 δέ,
449 1444 471 1515 ά
485 1446 589 1532 εἶχεν,
612 1448 719 1514 ἐκεῖσε
739 1447 987 1538 έθησαυρίζετο.
1021 1445 1105 1518 άλλά
1123 1445 1161 1517 τὸ
1181 1452 1250 1535 πῦρ

252 1578 273 1619 ιο
289 1554 420 1638 ἐκείνης
433 1547 554 1629 νυκτός
566 1545 710 1628 πολλοῦς
723 1550 760 1617 ἐκ
779 1558 952 1620 πλουσίων
970 1554 1113 1639 πένητας
1134 1554 1248 1639 έποίη-
1335 1617 1340 1638 ,

287 1675 358 1724 σεν.
387 1650 472 1723 ὅθεν
485 1650 702 1742 ὠλοφύροντο
721 1658 820 1742 κοινῇ
832 1653 895 1742 μὲν
908 1653 1029 1735 πάντες
1041 1652 1082 1725 τά
1095 1654 1249 1744 δημόσια,

289 1761 427 1836 ἕκαστος
441 1756 479 1825 δὲ
492 1754 532 1825 τά
547 1761 616 1825 ἴδια
630 1750 747 1823 αῦτοῦ.

393 1861 603 1948 καταφλέξαν
624 1857 662 1927 δὲ
680 1856 718 1927 τό
738 1863 807 1947 πῦρ
825 1858 884 1938 τόν
902 1885 938 1929 τε
957 1857 1047 1930 νειόν
1065 1860 1122 1929 καὶ
1142 1858 1281 1931 πάυτα4

289 1964 351 2034 τὸν
364 1971 555 2053 περίβολον,
569 1962 761 2053 ἐπενεμήθη
775 1963 831 2031 καὶ
845 1961 885 2032 τά
900 1973 1039 2033 πλεῖστα
1051 1969 1109 2054 τῆς
1124 1962 1253 2044 πόλεως

253 2100 276 2141 ω
292 2070 349 2139 καὶ
361 2067 522 2136 κάλλιστα
536 2072 633 2156 ἔργα,
648 2063 703 2136 ῦτε
716 2067 772 2134 καὶ
785 2071 842 2153 τῆς
852 2062 978 2147 Ἑστίας
990 2074 1052 2137 τοῦ
1068 2065 1136 2138 νεά
1149 2094 1250 2137 κατα-

291 2173 498 2262 φλεχθέντος
519 2165 587 2239 ῦπό
605 2174 667 2239 τοῦ
686 2167 792 2259 πυρός
813 2171 997 2259 γυμνωθὲν
1017 2169 1120 2261 ὤφθη
1137 2168 1175 2240 τό
1194 2174 1254 2259 ,τῆς

291 2274 470 2354 Παλλάδος
484 2271 631 2362 άγαλμα,
646 2268 665 2342 ῦ
678 2275 814 2361 σέβουσι
828 2275 884 2342 καὶ
897 2274 1083 2365 κρύπτουσι
1101 2271 1254 2364 Ῥωμαίοι

292 2378 457 2468 κομισθὲν
470 2373 535 2446 άπὸ
555 2384 690 2466 Τροίας,
711 2371 755 2456 ὥς
774 2374 887 2464 λόγος·
910 2372 929 2447 ῦ
947 2378 1021 2449 τότε
1041 2385 1176 2470 πρῶτον
1196 2378 1255 2446 καὶ

294 2480 375 2572 μετά
389 2479 452 2569 τὴν
465 2476 523 2549 ἄπ’
543 2477 642 2550 Ἰλίου
655 2482 688 2560 ές
705 2476 848 2549 Ἰταλίαν
869 2477 986 2569 άφιξιν
1006 2482 1099 2552 εἶδον
1119 2486 1153 2550 ολ
1171 2475 1251 2549 καθ’

255 2626 280 2668 η
295 2582 381 2675 ἡμᾶς
406 2582 600 2674 άνθρωποι·
628 2579 818 2673 ἁρπάσασαν
837 2580 901 2673 γάρ
928 2583 966 2654 τό
986 2584 1117 2673 άγαλμα
1137 2587 1175 2651 αἱ
1196 2586 1287 2670 τῆςῖι

290 2686 417 2769 Ἑστίας
432 2691 549 2778 ἱέρειαι
563 2688 728 2777 παρθένοι
743 2683 799 2754 διὰ
812 2687 913 2773 μέσης
932 2693 990 2775 τῆς
1009 2691 1100 2776 ἱεράς
1119 2681 1202 2754 ὁδοῦ
1223 2686 1257 2765 ἐς

294 2790 357 2882 τὴν
376 2797 438 2861 τοῦ
458 2792 621 2880 βασιλέως
643 2786 752 2878 αύλην
772 2788 1003 2877 μετεκόμισαν.
1043 2790 1256 2879 κατεφλέχθη

296 2896 334 2967 δέ
347 2897 404 2964 καὶ
420 2892 506 2964 άλλα
518 2904 656 2963 πλεῖστα
669 2899 727 2983 τῆς
741 2892 868 2972 πόλεως
881 2896 964 2984 μέρη
985 2893 1154 2965 κάλλιστα.
1182 2898 1255 2963 ίκα-

295 3004 367 3069 νῦν
379 3026 416 3068 τε
428 2994 564 3089 ἡμερῶν
578 2996 685 3067 πάντα
703 2995 799 3067 ἐπιόν
812 2992 850 3066 τό
864 3003 931 3088 πῦρ
946 3000 1161 3088 ἐπεβόσκετο·
1176 2994 1258 3067 οῦδὲ

258 3138 282 3177 τε
299 3102 465 3193 πρότερον
478 3100 644 3171 ἐπαύσατο
658 3103 739 3193 πρὶν
751 3095 775 3190 ἢ
782 3103 1038 3189 κατενεχθέντες
1047 3101 1166 3192 όμβροι
1180 3102 1255 3171 έπέ-

296 3227 377 3294 σχον
391 3203 496 3275 αύτοῦ
510 3203 572 3292 τὴν
592 3201 708 3294 ὁρμήν.
748 3202 833 3275 ὅθεν
852 3207 909 3274 καὶ
927 3203 965 3275 τό
983 3212 1051 3277 πάν
1071 3213 1170 3297 ἔργον
1184 3208 1252 3289 έξε-
1270 3216 1287 3272 6

296 3308 465 3398 θειάσθη,
478 3308 709 3408 πιστευόντων
728 3305 804 3377 κατ’
829 3310 938 3378 έκεῖνο
954 3315 1075 3399 καιροῦ
1094 3315 1163 3379 των
1181 3309 1257 3380 τότε

297 3410 494 3502 άνθράπων
507 3409 568 3481 ὅτιν’
578 3409 694 3500 γνώμη
707 3417 802 3510 θεῶν
815 3414 871 3481 καὶ
885 3412 1026 3500 δυνάμει
1040 3410 1160 3502 ἤρξατό
1172 3440 1208 3482 τε
1221 3408 1259 3479 τό

207 3520 209 3524 ’
298 3522 369 3607 πῦρ
389 3517 446 3585 καὶ
471 3514 649 3586 ἐπαύσατο.
689 3516 935 3603 συνεβάλλοντο
956 3519 997 3585 δέ
1014 3543 1103 3597 τινες
1124 3520 1171 3601 [έκ
1190 3518 1260 3584 τῶν

261 3654 284 3697 ω
299 3618 565 3708 κατειληφότων]
589 3618 743 3705 πολέμων
763 3634 903 3707 σημεῖον
923 3616 1010 3689 εἶναι
1029 3617 1093 3708 τὴν
1112 3622 1173 3687 τοῦ
1192 3610 1260 3684 νεά

204 3717 207 3786 2¹
299 3728 358 3814 τῆς
372 3723 507 3814 εἰρήνης
514 3720 702 3792 άπύλειαν·
716 3717 757 3789 τά
766 3728 853 3809 γοῦν
861 3718 1155 3815 ἀκολουθήσαντα,
1164 3712 1209 3798 ῦς
1222 3719 1262 3787 έν
