3134 4367
646 422 866 482 TETAPTON
1176 421 1234 481 115

269 604 357 665 σιλεϊ
376 599 592 682 Παρθυαίων
619 588 838 683 (Ἀρτάβανος
858 590 893 662 δ’
916 582 960 681 ἦν
984 589 1090 682 ὄνομα
1116 593 1233 690 αύτῷ),

269 701 391 787 πέμπει
406 725 443 767 τε
460 703 643 785 πρεσβείαν
662 699 720 765 καὶ
739 702 832 786 δῶρα
847 694 953 785 πάσης
973 692 1056 785 όλης
1069 727 1105 769 τε
1124 712 1232 772 πολυ-

268 809 387 882 τελοῦς
400 802 458 871 καί
472 802 587 888 τέχνης
601 807 764 889 ποικίλης.
817 798 857 869 τά
877 800 916 869 δὲ
929 798 1104 895 γράμματα
1117 808 1231 893 ἔλεγεν
1245 818 1262 869 2

269 902 320 975 ότι
336 903 378 992 δὴ
393 902 551 993 βούλεται
564 899 751 991 ἀγαγέσθαι
765 898 873 972 αύτού
889 901 951 992 την
964 906 1135 994 θυγατέρα
1149 907 1231 995 πρὸς

225 1008 393 1097 1εγάμον·
415 1003 572 1095 ἁρμόζειν
594 1006 632 1075 δὲ
658 1001 767 1099 αύτῷ,
788 1013 921 1094 βασιλεῖ
938 1034 973 1076 τε
994 1008 1051 1076 καί
1070 1013 1231 1095 βασιλέως

268 1116 343 1203 υίῷ,
367 1106 412 1199 μὴ
441 1108 577 1180 ίδιεάτου
595 1108 686 1189 τινός
704 1111 761 1179 καλ
787 1105 943 1191 εὐτελοῦς
970 1117 1109 1204 γαμβρῷ
1136 1115 1232 1199 γενέ·

267 1225 368 1302 σθαι,
392 1211 579 1302 ἀγαγέσθαι
600 1212 638 1280 δὲ
658 1217 815 1300 βασιλίδα
833 1241 868 1282 τε
888 1215 944 1282 καὶ
965 1214 1112 1301 μεγάλου
1132 1223 1231 1302 βασι-

268 1320 351 1398 λέως
364 1318 547 1405 θυγατέρα.
574 1313 637 1384 δύο
650 1315 689 1384 δὲ
707 1316 829 1395 ταύτας
844 1313 946 1404 άρχόις
963 1315 1049 1388 εἶναι
1063 1324 1230 1405 μεγίστας,

268 1421 330 1508 τήν
347 1448 383 1490 τε
400 1416 570 1506 Ῥωμαίων
583 1419 640 1487 καὶ
658 1416 721 1506 τὴν
736 1426 966 1507 Παρθυαίων·
988 1415 1027 1501 ἃς
1046 1429 1230 1508 συναχθεί-

228 1550 252 1589 ιο
268 1545 328 1604 σας
356 1519 430 1593 κατ’
462 1525 658 1612 ἐπιγαμίαν,
685 1524 801 1609 μηκέτι
835 1530 970 1616 ποταμῷ
999 1526 1229 1612 διωρισμένας,

266 1634 349 1714 μίαν
363 1625 517 1714 ποιήσειν
531 1623 637 1713 άρχηυ
657 1622 967 1712 άναυταγύυιστον·
988 1624 1029 1695 τά
1049 1626 1113 1715 γάρ
1130 1627 1230 1697 λοιπά
1244 1640 1261 1694 3

268 1736 353 1817 ἔθνη
368 1728 539 1818 βάρβαρα,
563 1725 625 1798 ὅσα
641 1724 686 1816 μὴ
706 1724 774 1797 ύπδ
795 1743 866 1809 ταῖς
885 1728 1014 1798 τούτων
1034 1737 1228 1819 βασιλείαις,

268 1830 420 1902 εύάλωτα
434 1838 571 1901 ἔσεσθαι
585 1828 715 1917 αύτοῑς,
731 1830 814 1899 κατά
834 1838 919 1919 ἔθνη
933 1834 989 1902 καλ
1002 1831 1085 1903 κατά
1105 1834 1229 1921 συστή-

267 1964 353 2024 ματα
367 1932 543 2026 άρχόμενα.
573 1933 658 2004 εἶναι
683 1933 722 2003 δὲ’
736 1930 906 2023 Ῥωμαίοις
925 1935 988 2023 μὲν
1007 1935 1107 2022 πεζόν
1125 1957 1228 2024 στρα-

226 2065 250 2105 ιε
268 2037 327 2108 τόν
340 2040 398 2108 καί
411 2035 472 2126 τὴν
487 2036 543 2107 διά
560 2037 713 2127 δοράτων
726 2038 896 2126 συστάδην
910 2039 1018 2128 μάχην
1031 2036 1227 2128 άυανταγω-

265 2164 398 2230 νιστον,
413 2149 627 2230 Παρθυαίοις
641 2142 678 2211 δὲ
692 2146 796 2211 ἵππον
810 2169 845 2211 τε
864 2141 992 2231 πολλὴν
1011 2145 1068 2212 καί
1088 2141 1150 2231 τὴν
1169 2144 1227 2214 διὰ

265 2246 371 2328 τόξων
399 2242 559 2331 εὔστοχον
580 2248 764 2334 ἐμπειρίαν.
807 2251 911 2314 ταῦτα
934 2245 976 2334 δὴ
1002 2246 1259 2333 συνελθόντα,4

229 2440 231 2444 y
265 2348 403 2418 πάντων
422 2375 457 2417 τε
485 2343 534 2428 οἷς
554 2349 697 2437 πόλεμος
718 2354 945 2437 κατορθοῦται
972 2348 1224 2438 συμπνεόυτων,

266 2456 391 2543 ῥᾳδίως
404 2448 528 2531 αύτούς
541 2447 602 2539 ὑφ’
622 2453 673 2521 ἑνὶ
686 2450 864 2538 διαδήματι
885 2453 1097 2539 βασιλεύσειν
1119 2452 1226 2541 πάσης

224 2585 250 2623 ιο
266 2557 475 2643 οἰκουμένης.
506 2553 546 2623 τά
560 2582 595 2624 τε
609 2550 689 2643 παρ’
706 2557 846 2635 ἐκείνοις
864 2555 1018 2642 φυόμενα
1032 2550 1227 2642 άρύματαῆ

264 2658 504 2747 θαυμαζόμενα
512 2654 692 2747 ὑφάσματα
705 2651 727 2744 ἢ
740 2655 829 2742 παρά
839 2653 1008 2744 Ῥωμαίοις
1021 2654 1224 2745 μεταλλευό-

264 2789 350 2850 μενα
376 2757 399 2850 ἢ
425 2758 482 2830 διά
509 2762 629 2850 τέχνην
653 2758 880 2846 ἐπαινούμενα
905 2761 1021 2847 μηκέτι
1047 2758 1142 2848 μόλις
1167 2762 1225 2830 καί

264 2872 464 2949 σπανίζοντα
486 2861 700 2938 λανθάνουτά
719 2889 754 2930 τε
776 2859 823 2931 δι’
845 2862 1000 2951 ε’μπόρωυ
1020 2862 1223 2952 κομισθήσε-

264 2978 365 3055 σθαι,
378 2974 456 3056 μιᾶς
472 2967 510 3035 δὲ
519 2974 579 3055 γῆς
594 2964 697 3056 ούσης
710 2967 767 3036 καί
779 2973 857 3054 μιᾶς
870 2969 1020 3048 ἐξουσίας
1033 2964 1153 3055 κοινὴν
1166 2971 1224 3037 καί

222 3104 248 3146 ιε
265 3067 440 3141 άιιεόλυτον
458 3065 657 3159 άμφοτέροις
671 3068 732 3159 την
747 3065 934 3139 άπόλαυσιν
952 3076 1098 3140 ἔσεσθαι.

367 3173 530 3255 τοιούτοις
542 3171 648 3245 αὐτοῦ
670 3173 859 3264 γράμμασιν
879 3172 1026 3262 ε’ντυχάν
1040 3170 1057 3243 ό
1073 3182 1252 3259 Παρθυ-5

264 3294 336 3359 αίος
355 3276 396 3347 τά
419 3278 481 3365 μὲν
500 3284 614 3366 πρῶτα
634 3275 805 3363 άυτέλεγε,
826 3275 967 3366 φάσκων
987 3273 1049 3365 ούχ
1068 3273 1222 3367 ἁρμόζειν

258 3377 407 3474 Ῥωμαίῳ
424 3380 530 3467 γάμον
543 3381 725 3470 βάρβαρον.
754 3386 829 3448 τίνα
847 3377 911 3467 γάρ
925 3387 1061 3450 ἔσεσθαι
1079 3402 1221 3470 συμφω-

263 3491 343 3554 νίαν
370 3488 408 3554 έν
435 3480 565 3569 αὐτοῖς,
594 3484 675 3572 μήτε
700 3488 758 3570 τῆς
781 3478 936 3570 άλληλων
958 3490 1073 3572 φωνῆς
1092 3499 1220 3554 συνιεί-

223 3622 248 3664 ³⁰
264 3609 335 3676 σιν,
358 3594 396 3657 ἔν
420 3615 454 3656 τε
475 3591 585 3677 διαίτη
605 3587 661 3655 καὶ
680 3591 784 3675 σκευῇ
803 3589 1024 3676 διαφέρουσιν
1048 3583 1219 3673 άλλήλων;

264 3689 351 3761 εἶναι
366 3688 508 3781 δὲπαρά
524 3686 693 3779 Ῥωμαίοις
707 3685 908 3778 εὐπατρίδας
927 3689 1080 3776 πολλούς,
1102 3680 1150 3757 οἷν
1169 3715 1220 3754 τι-

262 3793 321 3877 νός
337 3788 551 3876 ἐπιλέξασθαι
565 3789 695 3865 δύναιτ’
714 3787 757 3863 άν
779 3794 969 3889 θυγατέρα,
981 3792 1077 3884 παρὰ
1089 3818 1128 3860 τε
1142 3784 1240 3877 οἱιτέρ

1040 3908 1103 3978 Q.
