3134 4367
551 418 827 483 ΣΤΡΑΤΗΓΙΚΟΣ,
846 422 873 484 Ι,
892 414 928 472 α’.

585 609 852 681 ΚΕΦΑΛΑΙΟΝ
878 613 902 681 Ι.

721 775 759 815 α.

327 876 430 936 [ΠΕΡΙ
448 876 525 929 Tor
542 876 631 929 ΔΕῙΝ
646 876 863 931 PTMNAZEIN
879 877 955 929 TON
972 877 1154 940 ΣΤΡΑΤΟΝ,

588 961 725 1013 ΑΔΕΙΑΣ
743 961 892 1023 ΟΤΣΗΣ.]

310 1112 337 1170 1.
358 1099 489 1191 Διόπερ
511 1097 646 1190 άγαθοῦ
662 1107 851 1192 στρατηγοῦ
864 1101 974 1173 καὶτὰ
991 1103 1134 1192 χρήσιμα
1147 1103 1222 1174 τότε

255 1204 529 1292 κατασκευάζειν,
544 1200 594 1273 ὅτ’
607 1201 670 1275 οάκ
685 1208 881 1293 ἐπείγουσιν
894 1210 932 1275 αί
941 1210 1010 1275 τοῖν
1020 1210 1058 1276 ἐκ
1072 1206 1219 1296 παρατά-

254 1310 336 1390 ξεως
356 1304 500 1397 άγάνων
521 1303 684 1394 άνάγκαι,
705 1310 762 1377 καὶ
783 1306 825 1377 τά
844 1306 991 1397 άχρηστα
1005 1307 1062 1378 διά
1076 1306 1138 1398 τήν
1151 1314 1220 1379 τῶν

253 1407 569 1499 σωμάτωνάσκησιν
581 1409 777 1479 ἐπιτάττειν.
794 1409 894 1499 ἱκανή
908 1409 972 1501 γάρ
984 1414 1218 1501 στρατοπέδοις

251 1509 387 1600 ἄνεσις,
401 1508 465 1584 κάν
483 1512 616 1603 σφόδρα
633 1519 839 1603 ταλαίπωροι
863 1504 964 1601 αἷσιν,
986 1511 1007 1603 ή
1020 1513 1065 1605 μή
1079 1514 1136 1584 διά
1150 1521 1219 1586 τῶν

252 1620 378 1685 δεινοῖν
397 1622 445 1696 είς
462 1614 499 1685 τό
518 1613 685 1704 άληθινόν
698 1612 872 1707 άγάνισμα
885 1631 996 1707 πεῖρα.
1024 1622 1216 1707 γυμναζέτοι

251 1718 289 1789 δὲ
303 1721 453 1789 τοιοῖσδέ
463 1739 531 1788 τισι
548 1718 691 1809 τρόποις.

301 1828 332 1890 2.
355 1823 535 1892 ἐκταττέτω
551 1826 685 1909 πρῶτον
700 1817 849 1902 άναδούς
862 1817 902 1891 τά
916 1818 1002 1892 όπλα
1024 1826 1142 1907 πᾶσιν,
1162 1819 1213 1891 ἵν’
1233 1842 1266 1893 45

249 1926 287 1993 ἐν
299 1925 422 2014 μελέτῃ
435 1932 554 2012 σφίσιν
567 1916 591 2014 ή
604 1921 641 1993 τό
655 1925 771 2014 μένειν
783 1926 822 1993 ἐν
842 1923 947 2012 τάξει,
962 1927 1103 2005 καλιαῖς
1117 1922 1215 2007 όιγεσι

248 2027 306 2096 καὶ
327 2042 398 2106 τοίς
418 2024 558 2116 ὀνόμασι
580 2026 741 2115 συνήθεις
761 2023 915 2117 άλλήλοις
935 2028 1144 2119 γιγνόμενοι,
1166 2037 1214 2111 τίς

247 2125 315 2199 ὑπὸ
337 2136 413 2200 τίνα
432 2133 490 2201 καὶ
510 2134 578 2199 ποῠ
594 2132 650 2200 καὶ
669 2128 752 2220 μετά
770 2128 912 2220 πόσους,
932 2127 993 2201 ὑπ’
1010 2129 1070 2217 ὀξό
1084 2130 1213 2222 παράγ-

247 2240 355 2322 γελμα
369 2231 492 2314 πάντες
504 2224 588 2303 άσιν
604 2236 641 2303 έν
653 2232 761 2317 τάξει·
781 2236 837 2304 καὶ
853 2234 911 2315 τάς
931 2262 967 2303 τε
992 2236 1139 2316 ἐκτάσεις
1158 2238 1215 2305 καὶ

246 2332 411 2415 συστολάς
430 2338 487 2406 καὶ
500 2339 664 2423 ἐγκλίσεις
679 2338 734 2406 ἐπὶ
747 2334 825 2405 λαιά
839 2339 895 2405 καὶ
910 2336 1019 2422 δεξιά,
1034 2338 1090 2406 καλ
1105 2337 1215 2424 λόχων
1286 2409 1290 2416 ,

245 2435 443 2527 μεταγωγὰς
463 2440 520 2509 καὶ
539 2436 744 2527 διαστήματα
770 2439 828 2507 καὶ
847 2438 1052 2525 πυκνώσεις,
1074 2442 1131 2509 καὶ
1155 2436 1214 2535 τὰς

245 2538 295 2610 δι’
315 2537 472 2630 άλλήλων
494 2538 692 2624 άντεξόδους
711 2543 767 2611 καὶ
788 2540 956 2627 εἰσόδους,
983 2542 1040 2611 καὶ
1058 2539 1117 2622 τάς
1129 2539 1214 2611 κατά

244 2640 366 2731 λόγους
392 2646 589 2734 διαιρέσεις,
620 2646 677 2713 καὶ
703 2641 761 2724 τὰς
782 2643 974 2727 κατατάξεις
996 2646 1053 2713 καὶ
1075 2642 1137 2733 τήν
1156 2647 1211 2713 ἐπὶ

244 2744 405 2835 φάλαγγα
419 2750 635 2818 έκτείνουσαν
651 2748 708 2816 καλ
720 2746 782 2835 τήν
796 2749 852 2817 ἐπὶ
867 2747 975 2834 βάθος
987 2742 1211 2817 ὑποστέλλον-

244 2867 325 2935 σαν,
345 2852 403 2919 καὶ
422 2846 484 2938 τήν
506 2847 774 2940 άμφιπρόσωπον
795 2849 921 2938 μάχην,
944 2846 994 2919 ὅτ’
1014 2846 1058 2920 άν
1081 2856 1116 2921 οί
1134 2848 1210 2921 κατ’

242 2948 352 3041 οόράν
380 2954 638 3042 ἐπιστρέψαντες
667 2952 750 3043 πρὸς
777 2950 856 3033 τοὺς
879 2954 1128 3043 κυκλουμένους
1147 2953 1210 3041 μά-

241 3082 386 3143 χωνται,
400 3054 528 3136 καὶτὰς
541 3052 740 3146 άνακλήσεις
753 3058 988 3126 ἐκδιδασκέτω.

292 3166 324 3228 3.
343 3157 500 3249 καθάπερ
515 3156 580 3249 γὰρ
596 3161 732 3228 ἐπὶτῶν
745 3165 917 3247 μουσικῶν
930 3156 1087 3248 ὀργάνων
1100 3161 1135 3227 οἱ
1147 3158 1209 3247 μὲν

240 3257 348 3351 άρχήν
369 3268 500 3350 ἔχοντες
528 3266 590 3331 τοῦ
610 3262 802 3349 μανθάνειν
821 3265 1029 3341 ἐπιτιθέντες
1049 3259 1127 3343 τοὺς
1148 3267 1208 3331 δα·
1227 3277 1261 3328 46

240 3363 384 3444 κτόλους
407 3360 466 3434 ε’πί
481 3392 517 3433 τε
539 3363 580 3435 τά
602 3364 752 3453 τρήματα
771 3369 841 3434 τάν
863 3362 978 3434 αὐλάν
1000 3365 1057 3435 καὶ
1072 3364 1207 3454 διαστή·

239 3495 327 3556 ματα
341 3471 410 3536 τάν
430 3471 562 3557 χορδῶν
581 3467 740 3547 πολλάκις
758 3465 862 3537 άλλον
883 3473 1009 3537 ἔθεσαν
1026 3464 1081 3537 ἐπ’
1101 3464 1209 3555 άλλήν

238 3572 294 3640 καὶ
322 3566 365 3640 οὐ
392 3568 476 3640 κατά
496 3566 767 3661 τήνοάρμονικήν
794 3568 985 3658 διάστασιν,
1015 3569 1086 3640 εἶτα
1114 3569 1209 3657 μόλις

236 3676 488 3753 ἐπεκτείναντες
506 3671 625 3764 βραδό
648 3673 715 3765 μὲν
744 3684 886 3768 αἴρουσι
914 3671 999 3756 τοὺς
1024 3669 1244 3752 δυκτθλουει

209 3770 334 3853 ’βραδά
358 3773 399 3840 δέ
424 3778 609 3871 τιθεὲκσιν,
637 3784 679 3854 οἱ
701 3776 736 3855 δ’
766 3786 806 3857 ἐν
830 3782 965 3877 μελέτῃ
993 3781 1059 3867 τὴς
1090 3764 1275 3859 WWR

254 3896 419 3938 οιτοεκκυιι.
439 3905 544 3948 στω.
1094 3885 1127 3946 ‘2
