3134 4367
687 441 859 502 ΟΓΔΟΟΝ
1193 436 1251 496 197
1310 457 1315 465 ·

290 608 493 702 ἡγουμένων
506 616 575 681 τῶν
588 615 687 682 ίδίων
705 615 919 701 στρατιωτῶν
939 605 983 693 ὥς
1003 606 1178 699 ἀνάνδρως
1193 612 1251 696 καλ

291 714 459 809 ρηθόμως
470 716 766 806 προσφερομένους
773 721 820 804 ,τῇ
832 719 1032 806 τειχομαχίᾳ.
1059 709 1144 785 ὅθεν
1157 710 1250 806 αὐτῷ

291 820 506 907 περιεγένετο
520 815 604 907 πρὸς
617 818 681 907 μὲν
693 825 762 887 τῶν
774 823 909 887 οἰκείων
922 815 1018 907 μῖσός
1036 843 1072 886 τε
1085 817 1142 886 καὶ
1155 813 1249 908 ὀργή,

291 918 386 1010 παρά
398 921 438 992 δέ
449 926 519 991 των
532 916 725 991 ἀντιπάλων
738 916 898 1009 πλείωνὴ
913 919 1170 1044 καταφρόνησις.

261 1050 275 1091 ε
396 1022 634 1111 συνέβαινεδδ
647 1038 715 1105 τοῖς
731 1020 940 1112 Ἀκυλησίοις
959 1022 1068 1093 πάντα
1087 1018 1251 1112 ὑπάρχειν

291 1134 418 1198 δκπλεα
437 1128 496 1197 καλ
515 1130 713 1215 ἐπιτηδείων
732 1123 924 1217 ἀφθονίαν,
945 1129 983 1197 έκ
1001 1131 1125 1215 πολλῆς
1142 1151 1252 1215 παρα·

291 1237 418 1319 σκευῆς
435 1225 524 1313 ές
487 1256 551 1318 την
569 1230 669 1300 πόλιν
687 1229 824 1301 πάυτων
843 1224 1143 1320 σεσωρευμένων”
1123 1249 1186 1299 οσα
1208 1218 1252 1316 ἦν

291 1332 490 1423 ἀνθρώποις
507 1333 566 1402 καὶ
583 1332 739 1423 κτήνεσιν
758 1335 793 1413 ές
811 1331 938 1421 τροφὰς
956 1334 1013 1403 καλ
1032 1329 1117 1402 ποτά
1137 1331 1252 1419 ἐπιτή-

293 1443 386 1507 δεια·
414 1429 507 1506 όδέ
498 1433 638 1525 στρατὸς
652 1434 789 1507 πάντων
807 1426 893 1526 <ἦν>
915 1440 953 1506 έν
967 1431 1103 1523 σπάνει,
1126 1442 1195 1505 τῶν
1205 1461 1251 1503 τε

250 1565 276 1606 ιο
292 1537 523 1627 καρποφόρον
535 1541 688 1631 δένδρων
701 1541 955 1627 έκκεκομμένων
969 1540 1027 1608 καλ
1044 1546 1102 1627 τῆς
1113 1544 1175 1627 γῆς
1188 1533 1247 1607 ἀπ’

292 1638 401 1712 αάτοῦ
415 1644 637 1731 δεδῃωμένης.
687 1643 845 1729 μένοντες
858 1642 896 1711 δὲ
916 1638 983 1711 ὑπό
997 1657 1135 1730 σκηναῖς
1148 1637 1250 1710 αάτο-
1264 1656 1281 1710 4

291 1750 455 1833 σχεδίαις,
470 1750 506 1814 οί
515 1744 554 1815 δὲ
567 1753 715 1815 πλεῖστοι
729 1740 797 1814 ὑπὸ
811 1751 928 1837 γυμνῷ
943 1749 989 1837 τῷ
1003 1740 1094 1833 ἀέρι,
1114 1740 1252 1833 ὄμβρων
1369 1727 1373 1742 ’

291 1876 329 1918 τε
346 1850 404 1919 καὶ
417 1843 516 1936 ἡλίου
528 1844 719 1937 ἠνείχοντο,
733 1854 820 1940 λιμῷ
840 1875 876 1917 τε
896 1853 1152 1937 διεφθείροντο,
1167 1845 1252 1935 μηδὲ

292 1950 494 2022 έπεισάκτου
506 1957 633 2040 τροφῆς
645 1946 760 2032 αὐτοῖς
775 1978 812 2020 τε
827 1953 884 2021 καλ
899 1947 1093 2040 ὑποζυγίοις
1106 1956 1253 2039 είσκομι-

251 2080 276 2121 ιε
293 2056 442 2143 ζομένης.
468 2054 682 2142 πανταχόθεν
700 2051 764 2145 γάρ
776 2052 835 2134 τάς
848 2060 907 2142 τῆς
917 2050 1054 2135 Ἰταλίας
1073 2050 1175 2134 ὁδοάς
1187 2079 1253 2123 πα·

292 2156 523 2249 ραφράξαντες
534 2148 621 2247 ἦσαν
634 2162 669 2228 οί
677 2153 829 2247 Ῥωμαῖοι
840 2164 974 2245 τειχίων
985 2184 1022 2227 τε
1034 2159 1184 2246 έγέρσεσι
1196 2156 1254 2225 καλ

292 2265 449 2331 πυλίδων
469 2256 657 2350 ἀσκησεσιν.
710 2257 836 2349 ἀνδρας
864 2288 901 2329 τε
927 2256 1165 2340 ἀπατενκότας·
1180 2261 1281 2342 &Ei-5

292 2378 426 2452 πεμψεν
445 2392 467 2452 η
481 2361 665 2452 σύγκλητος
680 2360 746 2434 σὺν
762 2364 943 2444 ἐπιλέκτοις
962 2364 1020 2432 καὶ
1037 2361 1177 2450 λογάσιν
1197 2356 1251 2430 ἀπ’

288 2464 429 2548 Ἰταλίας
443 2466 549 2555 πάσης
562 2462 743 2556 ἀνδράσιν,
763 2462 810 2535 ἵν’
833 2471 983 2552 αίγιαλοί
999 2492 1034 2534 τε
1055 2464 1176 2552 πάντες
1195 2464 1254 2532 καὶ

249 2600 279 2641 το
293 2573 428 2659 λιμένες
442 2577 659 2660 φρουρωυται
673 2570 1016 2663 καλμηδενλέκπλους
1028 2572 1251 2654 συγχωρῆται,

293 2670 340 2755 ὥς
354 2669 487 2742 ἀπυστα
500 2674 558 2742 καλ
576 2669 731 2760 ἀγνωστα
746 2670 833 2739 εἶναι
845 2672 1025 2761 Μαξιμίνφ
1038 2666 1078 2737 τά
1091 2672 1129 2739 έν
1146 2664 1253 2758 Ῥώμη

293 2773 519 2865 πραττόμενα·
533 2780 618 2845 αἵτε
634 2772 803 2862 λεωφόροι
821 2767 896 2842 ὁδοὶ
917 2774 974 2844 καλ
992 2768 1134 2862 ἀτραποὶ
1147 2778 1252 2841 πάσαι

293 2877 521 2970 έφυλάττουτο
535 2874 579 2960 ἀς
592 2878 720 2967 μηδένα
733 2882 930 2966 διαβαίνειν.
950 2878 1129 2965 συνέβαινε
1142 2875 1181 2945 δέ
1192 2872 1253 2945 τόν

293 2979 440 3072 στρατὸν
459 2987 625 3052 δοκοῦντα
648 2989 840 3067 πολιορκεῖν
862 2976 967 3049 αὐτὸν
988 2988 1252 3069 πολιορκεῖσθαι,

250 3116 279 3158 τε
295 3086 370 3156 έπελ
383 3084 465 3173 μήτε
477 3081 540 3173 την
551 3081 731 3172 Ἀκνληίαν
744 3086 834 3154 ἑλεῖν
845 3081 1000 3170 έδόνατο,
1014 3082 1096 3172 μήτε
1109 3079 1254 3164 ἀποστὰς

295 3192 432 3259 ἐκεῖθεν
444 3189 500 3259 ἐπὶ
511 3185 573 3276 την
586 3184 712 3276 Ῥώμην
724 3194 873 3276 χωρῆσαι
886 3186 944 3257 διά
957 3213 993 3256 τε
1000 3194 1089 3255 νεῶν
1102 3187 1158 3257 καὶ
1172 3180 1253 3274 όχη-

294 3292 413 3381 μάτιιυ
426 3287 586 3380 ἀπορίαν·
603 3288 733 3361 ἅπαντα
740 3288 804 3380 γάρ
820 3296 1084 3379 προκατείληπτο
1096 3290 1154 3358 καὶ
1168 3314 1253 3359 συν-

295 3396 495 3465 εκέκλειστο.
546 3400 654 3483 φῆμαι
673 3393 711 3463 δὲ
731 3400 862 3480 μείζους
881 3395 914 3474 ἐξ
934 3388 1080 3474 ὑποψίας
1093 3388 1284 3480 ἀληθείας6

295 3503 505 3586 διεδίδοντο,
525 3492 578 3567 ότι
603 3502 667 3577 πᾶς
692 3492 711 3566 ὁ
739 3501 843 3583 δῆμος
864 3491 881 3563 ὃ
899 3490 1068 3583 Ῥωμαίων
1082 3497 1120 3565 έν
1142 3492 1255 3574 ὅπλοις

253 3623 281 3665 ³⁰
298 3612 369 3691 είη,
387 3549 508 3670 Ἰταλίά
532 3627 577 3669 τε
588 3606 676 3669 πᾶσα
699 3596 971 3689 συμπεπνεόκοι,
989 3596 1103 3669 πάντα
1119 3623 1159 3665 τε
1175 3602 1275 3675 ἔθνη

290 3700 456 3789 Ἰλλνρικά
461 3729 517 3770 και
513 3701 687 3829 βάρβαρα
699 3702 742 3775 τά
756 3732 793 3776 τε
807 3699 863 3777 υπ’
885 3700 1077 3783 ἀνατολαῖς
1087 3700 1152 3770 καὶ
1159 3712 1299 3783 μετεψ-

269 3808 389 3887 stela&
399 3803 548 3892 στρατόν
561 3804 713 3904 ἀγείροι,
724 3819 791 3910 μιᾷ
802 3841 844 3888 τε
854 3812 990 3908 γνώμη
998 3809 1065 3883 καὶ
1077 3791 1336 3887 ψυλῆθθθωῒ
