3134 4367
708 400 855 460 ΕΚΤΟΝ
1112 427 1115 436 ·
1184 376 1245 465 ισι

293 576 388 641 λείου
400 573 526 658 σκηνῆς
539 562 651 659 ὥσπερ
664 570 868 658 ἐνθουσιῶν,
876 576 1095 663 δακρυρροών
1107 574 1164 644 καί
1176 577 1247 664 τρέ-
1295 659 1299 664 .

292 702 367 763 μων
380 679 442 743 τοῦ
455 699 491 742 τε
505 672 698 761 Μαξιμίνου
712 666 756 754 ώς
772 670 916 745 ἀπίστου
929 676 987 745 καὶ
1000 673 1178 765 ἀχαρίστου
1190 704 1248 747 κα-

293 774 447 867 τηγόρει,
462 774 568 855 πάσας
581 773 640 856 τὰς
654 779 687 857 ἐς
701 779 833 847 ἐκεῖνον
848 774 1040 869 εὐεργεσίας
1052 786 1247 851 κατατεθεί-

293 903 354 961 σας
367 876 452 969 πρὸς
465 873 570 948 αύτού
579 878 815 968 διηγούμενος,
833 881 911 962 τούς
930 908 966 951 τε
986 888 1122 963 νεανίας
1133 878 1246 972 ᾐτιᾶτο
1259 908 1277 959 κ

265 1017 278 1058 ε
294 980 339 1064 ώς
353 987 528 1073 προπετῶς
542 983 600 1051 καὶ
612 981 775 1073 ἐπιόρκως
795 990 899 1053 ταῦτα
912 984 1165 1074 τετολμηκότας,
1180 981 1249 1055 δώ-

293 1109 367 1157 σειν
380 1112 416 1155 τε
433 1085 541 1154 πάντα
554 1080 744 1173 ὑπισχνεῖτο
759 1075 809 1155 ών
822 1088 967 1176 δέοιντο,
981 1090 1039 1158 καὶ
1050 1088 1248 1178 ἐπανορθώ-

292 1198 414 1260 σεσθαι
429 1197 464 1258 εί
473 1216 506 1256 τι
524 1189 718 1276 μέμφοιντο.
752 1194 788 1258 οί
803 1190 841 1259 δέ
861 1188 926 1260 σύν
945 1187 1036 1283 αύτῷ
1051 1198 1249 1281 στρατιώται

293 1295 423 1380 ἐκείνης
437 1298 494 1379 τῆς
507 1286 629 1380 ἡμέρας
644 1287 896 1380 εύφημήσαντες
904 1291 1009 1364 αύτδν
1017 1295 1248 1384 παρέπεμψαν,
1261 1379 1264 1385 ¹

294 1392 516 1483 ὑποσχόμενοι
536 1395 636 1464 παντὶ
653 1396 770 1465 σθένει
791 1403 1012 1485 προασπίσειν
1039 1394 1154 1467 αύτού.
1190 1403 1278 1486 τῆςκ

255 1526 279 1566 ιε
293 1496 414 1580 νυκτὸς
428 1497 467 1566 δὲ
488 1497 751 1586 διαδραμούσης,
764 1496 848 1568 κατά
862 1496 899 1569 τὸ
912 1506 1119 1591 περίορθρον
1133 1497 1248 1590 ἀγγει·

293 1598 426 1671 λύντον
443 1607 546 1669 τινών
567 1597 618 1670 ὅτι
645 1598 687 1690 δὴ
706 1604 894 1690 Μαξιμῖνος
913 1602 1065 1693 πρόσεισι
1092 1602 1185 1685 κόνις
1212 1631 1248 1673 τε

293 1703 475 1794 πόρρωθεν
488 1706 682 1791 ἐγειρομένη
697 1710 851 1791 φαίνεται
866 1711 946 1794 βοῆς
955 1733 991 1775 τε
1005 1695 1083 1794 ἦχος
1095 1704 1248 1794 πλήθους
1287 1769 1291 1776 .

293 1806 503 1893 ἐξακούεται,
518 1805 619 1875 πάλιν
633 1805 814 1897 προελθών
829 1811 862 1889 ἐς
876 1806 912 1878 τὸ
926 1814 1045 1904 πεδίον
1060 1804 1079 1877 δ
1096 1805 1248 1893 ἈλεἙαν·

293 1916 389 1999 δρας,
411 1912 618 1999 συγκαλέσας
636 1938 672 1980 τε
691 1906 771 1992 τούς
791 1909 1008 2000 στρατιώτας,
1033 1915 1140 1982 ἐδεῖτο
1164 1939 1249 2004 προ-

257 2046 279 2087 ιε
294 2028 412 2103 μαχεῑν
432 2015 489 2083 καὶ
510 2013 627 2097 σώζειν
646 2009 687 2084 δν
706 2011 938 2104 ἀνεθρέψαντο
958 2017 1016 2085 καὶ
1028 2010 1091 2104 ὑφ’
1108 2005 1136 2109 ᾦ
1151 2023 1262 2105 βασι-.

292 2117 425 2187 λεύοντι
444 2123 742 2206 τεσσαρεσκαίδεκα
766 2124 874 2189 ἔτεσιν
895 2115 1068 2208 ἀμέμπτως
1088 2117 1249 2209 βεβιώκε·

293 2242 375 2308 σαν,
396 2219 522 2301 πάντας
541 2247 577 2289 τε
597 2223 630 2301 ἐς
650 2220 762 2291 οἶκτον
781 2222 839 2291 καὶ
861 2228 955 2291 ἔλεον
978 2218 1249 2311 προκαλούμενος

292 2318 488 2408 ὁπλίζεσθαι
506 2325 681 2394 ἐκέλευσεν
695 2326 751 2393 καὶ
771 2317 967 2407 ἐξελθόντας
986 2322 1246 2395 ἀντιτάττεσθαι.

292 2431 328 2495 οί
338 2426 377 2497 δέ
389 2433 586 2516 στρατιῶται
600 2424 709 2518 τάμέν
718 2433 832 2518 πρώτα
846 2424 1081 2516 ὑπισχνοῦντο,
1091 2425 1158 2497 κατ’
1176 2424 1247 2497 όλί-
1262 2445 1280 2497 4

253 2564 278 2604 νο
293 2558 376 2618 γους
389 2529 428 2599 δὲ
446 2526 639 2618 ἀνεχώρουν
655 2527 733 2601 οὐδ’
754 2526 841 2600 ὅπλα
860 2539 977 2618 λαβεῖν
995 2527 1131 2619 ἤθελον.
1159 2536 1193 2598 οἳ
1210 2530 1251 2598 δέ

292 2661 382 2715 τινες
395 2630 455 2702 τόν
471 2633 616 2721 έπαρχόν
634 2661 670 2703 τε
690 2639 751 2702 τοῦ
771 2640 915 2720 στρατοῦ
931 2634 988 2702 καὶ
1007 2629 1085 2713 τούς
1105 2637 1249 2711 οἰκείους

288 2732 510 2823 Ἀλεξάνδρου
524 2732 629 2825 ᾔτουν
645 2733 728 2827 πρός
742 2732 932 2826 ἀναίρεσιν,
947 2733 1116 2823 πρόφασιν
1129 2733 1250 2805 ποιού-

292 2866 389 2928 μενοι
404 2844 531 2919 αἰτίους
544 2845 602 2927 τῆς
619 2837 831 2919 ἀποστάσεως
849 2844 1062 2927 γεγενῆσθαι.
1090 2846 1125 2909 οδ
1136 2838 1174 2908 δὲ
1187 2834 1250 2926 τὴν

292 2944 424 3032 μητέρα
437 2943 622 3031 ἐμέμφοντο
643 2938 688 3025 ιδς
715 2942 926 3033 φιλάργυρον
953 2944 1009 3012 καὶ
1036 2940 1076 3011 τὰ
1101 2938 1250 3033 χρήματα

253 3072 279 3113 ιε
295 3042 557 3134 ἀποκλείουσαν,
578 3044 634 3115 διά
653 3074 688 3116 τε
709 3052 928 3136 μικρολογίαν
948 3047 1005 3114 καί
1027 3043 1064 3115 τὸ
1087 3043 1170 3137 πρὸς
1187 3035 1249 3125 Ιτάς

294 3147 461 3229 ἐπιδόσεις
474 3144 620 3239 ὀκνηρόν
633 3156 694 3218 τού
710 3146 930 3239 Ἀλεξάνδρου
943 3150 1177 3237 μεμισημένον.
1193 3150 1249 3217 καί
1266 3171 1283 3223 5

293 3254 391 3341 μέχρι
404 3253 466 3340 μέν
483 3279 572 3333 τινος
585 3259 722 3322 τοιαῦτα
742 3252 912 3342 διαφόρως
930 3258 1075 3341 βοώυτες
1088 3253 1250 3342 προσέμε-

293 3377 372 3426 νον·
393 3351 438 3436 ώς
452 3355 564 3424 δὲτοῦ
578 3358 771 3444 Μαξιμίνου
790 3352 960 3443 όστρατδς
979 3349 1044 3443 ἤδη
1064 3382 1100 3424 τε
1118 3358 1156 3425 ἐν
1169 3350 1252 3437 ὅψε-

293 3480 350 3528 σιν
369 3448 429 3546 ἦν,
457 3460 514 3527 καὶ
535 3464 680 3546 βοῶντες
698 3464 734 3528 oc
752 3464 883 3528 νεανίαι
903 3465 1155 3547 προυκαλοῦντο
1174 3456 1255 3535 τοὺς

254 3590 280 3631 ιο
297 3560 545 3651 συστρατιώτας
559 3569 753 3632 καταλιπεῖν
765 3561 828 3650 μὲν
837 3560 979 3649 γύναιον
987 3561 1189 3651 μικρολόγον
1198 3560 1255 3627 καὶ

295 3665 473 3754 μειράκιον
486 3661 600 3734 δειλὸν
612 3666 712 3754 μητρί
725 3670 902 3749 δουλεῦον,
917 3667 1091 3753 προσιέναι
1104 3663 1142 3731 δὲ
1156 3657 1256 3748 ἀνδρὶ

296 3775 445 3862 γενναίῳ
463 3770 520 3838 καί
535 3767 686 3860 σώφρονι
706 3766 935 3863 συστρατιώτῃ
954 3793 990 3838 τε
1014 3768 1051 3836 ἐν
1072 3763 1195 3842 ’ότιλοτς
1212 3760 1270 3829 ὀδε

337 3900 515 3943 σύννοιαν.
1085 3876 1130 3936 U
