3134 4367
526 458 800 525 ΣΤΡΑΤΗῙἸΚΟΣ,
824 457 887 516 ΚΗ.
904 458 965 515 ΚΘ.
1183 462 1224 525 41

265 632 479 723 βλάπτωνται
494 630 539 721 μή
560 628 634 703 κατ’
656 631 766 722 άνδρα
780 632 946 723 σποράδες
960 636 997 704 έν
1014 648 1086 715 ταῖς
1100 650 1225 724 φυγαῖς

262 732 509 815 ὑποπίπτοντες
521 750 591 815 τοις
604 741 790 824 πολεμίοις,
810 736 950 806 πλείονά
968 763 1004 806 τε
1016 742 1222 827 κατορθοῦν-

264 865 319 917 τες
333 838 505 927 βλάπτωσι
517 836 601 907 κατά
614 837 721 921 τάξεις
734 838 792 907 καὶ
806 837 924 926 λόχους
937 836 1144 928 ἰσχυρότεροι
1157 854 1227 920 τοῖς

265 940 452 1028 φεύγουσιν
466 939 719 1029 ἐπιφαινόμενοι
727 993 738 1028 ,
751 939 834 1029 πρὸς
848 942 886 1010 δὲ
898 944 955 1011 καὶ
969 939 1225 1029 άσφαλέστεροι·

265 1041 425 1123 πολλάκις
437 1042 501 1132 γάρ
518 1039 666 1122 άτάκτως
679 1045 941 1131 ἐπιφερομένους
955 1049 990 1114 ολ
999 1046 1149 1132 πολέμιοι
1164 1054 1225 1113 θε-

264 1144 425 1232 ασάμενοι
439 1143 737 1234 συμφρονήσαντες
751 1135 853 1225 αὖθις
866 1148 904 1215 έκ
916 1150 1100 1235 μεταβολῆς
1114 1144 1227 1215 αὐτοῖν

265 1246 488 1327 καταστάντες
511 1254 558 1327 είς
579 1247 672 1329 τάξιν
697 1254 926 1335 παλίντροπον
947 1247 1144 1337 ἐποιήσαντο
1164 1246 1228 1337 τήν

266 1353 400 1433 δίωξιν·
420 1348 504 1429 όλως
527 1350 565 1419 δὲ
586 1350 692 1438 μηδέν
712 1369 830 1437 σφισιν
852 1347 991 1439 άμεινον
1005 1350 1091 1420 εἶναι
1104 1353 1227 1439 λεγέτω

265 1457 328 1521 τοῦ
340 1453 456 1540 μένειν
476 1454 514 1521 έν
530 1451 621 1534 τάξει
633 1448 716 1541 μηδ’
737 1455 1022 1542 ἐπισφαλέστερον
1041 1457 1102 1522 τοῦ
1121 1452 1227 1523 λύειν.

565 1770 832 1874 ατοιιιιιοα
857 1772 932 1843 KH.
1237 1791 1271 1841 ιτ

266 1920 370 1981 [ΠΕΡΙ
380 1919 457 1970 ΤΟΥ
470 1908 520 1969 ΔΙ’
530 1919 767 1969 ΕΠΙΜΕΑΕΙΑΣ
784 1920 899 1971 EXEIN
916 1919 991 1971 TON
1007 1918 1230 1975 ΣΤΡΑΤΗΓΟΝ
1298 1931 1315 1941 ·

377 2003 562 2056 ΛΑΜΠΡΟΝ
578 2003 791 2055 ΕΚΤΑΤΤΕΙΝ
808 2004 857 2055 ΤΟ
875 2004 1122 2065 ΣΤΡΑΤΕΤΜΑ.]

345 2160 591 2246 Μεμελημένον
607 2155 639 2227 δ’
656 2165 739 2229 ἔστω
752 2162 801 2252 τῷ
817 2164 991 2254 στρατηγῷ
1005 2159 1160 2251 λαμπρὸν
1176 2164 1229 2230 έκ-

266 2261 399 2333 τάττειν
412 2260 449 2330 τὸ
471 2260 659 2350 στράτευμα
674 2276 744 2342 τοῖς
765 2260 897 2349 ὅπλοις,
921 2266 1022 2355 ῥᾳδία
1043 2261 1075 2332 δ’
1090 2259 1111 2352 ή
1125 2291 1230 2353 φρον-

267 2367 318 2446 τὶς
338 2361 425 2452 αὕτη
447 2364 714 2452 παρακαλέσαντι
731 2362 771 2431 τά
791 2367 871 2451 ξίφη
891 2363 1012 2453 θήγειν
1032 2367 1087 2435 καὶ
1101 2364 1159 2446 τάς
1173 2364 1230 2435 κό-

267 2478 380 2556 ρυθας
393 2469 450 2536 καὶ
466 2465 544 2546 τούς
556 2463 716 2555 θώρακας
737 2464 892 2554 σμήχειν·
914 2466 1098 2558 δεινότεροι
1116 2465 1181 2564 γάρ
1200 2474 1236 2538 ολ

268 2569 420 2649 ἐπιόντες
432 2576 611 2655 φαίνονται
624 2566 715 2654 λόχοι
728 2582 799 2647 τοϊς
811 2564 1231 2658 τῶνόπλωναίθόγμασιν,

267 2674 325 2743 καὶ
340 2669 501 2741 πολλάτὰ
525 2669 571 2740 δι’
588 2668 697 2753 ὅψεως
719 2675 859 2758 δείματα
872 2678 1145 2760 προεμπίπτοντα
1159 2688 1232 2752 ταῖς

269 2788 395 2863 ψυχαῖς
408 2772 563 2863 ταράττει
577 2771 614 2842 τό
629 2769 862 2862 άντιπόλεμον.

676 2956 829 2969 m

571 3093 841 3166 ΚΕΦΑΛΑΙΟΝ
865 3088 938 3166 ΚΘ.
961 3139 963 3144 -
1243 3112 1277 3163 93

351 3242 452 3302 [ΠΕΡΙ
469 3241 546 3295 Tor
562 3243 613 3295 EN
629 3242 696 3294 ΤΩΙ
712 3243 841 3295 ΚΑΙΡΩΙ
857 3243 933 3294 ΤΗΣ
950 3238 1159 3293 ΣΤΜΒΟΛΗΣ

635 3326 870 3387 ΑΛΑΛΑΖΕΙΝ.]

352 3493 379 3552 1.
396 3479 562 3569 Ἐπαγέτω
583 3480 621 3551 δὲ
640 3479 746 3551 καὶτὸ
760 3480 950 3572 στράτευμα
965 3480 1031 3552 σόν
1043 3478 1235 3572 ἀλαλαγμῷ,

270 3584 352 3655 ποτὲ
367 3585 403 3654 δὲ
417 3587 473 3654 καὶ
487 3582 552 3652 σὺν
565 3582 695 3676 δρόμῳ·
718 3586 775 3653 καὶ
789 3582 853 3672 γάρ
867 3581 943 3665 όψις
956 3586 1013 3652 καὶ
1027 3582 1093 3672 βοή
1103 3586 1162 3651 καὶ
1172 3580 1240 3649 κτά-

270 3714 373 3774 ταγος
399 3685 513 3755 ὅπλων
536 3689 683 3777 έξίστήσι
709 3685 769 3770 τάς
798 3690 870 3757 τῶν
901 3689 1074 3757 ἐναυτίων
1099 3684 1329 3747 δικτυωτός-Ἃ

257 3797 288 3854 2.
303 3785 559 3863 α’νατεινόντων
572 3792 612 3866 δὲ
627 3792 720 3868 κατά
734 3792 800 3879 τὰς
816 3790 978 3886 ἐφόδους
984 3770 1242 3873 όιδοόῦιτπῴ)
1255 3766 1313 3828 ὼ
