3134 4367
368 450 408 515 28
728 449 979 502 ουοεεαεεου
1082 447 1091 526 ζ

366 636 433 694 θεν
445 619 735 712 ἀριστοποιεῖσθαι
756 630 951 711 σημαίνειν,
970 620 1017 711 μὴ
1036 621 1200 711 φθάσωσι
1219 622 1322 712 νήστι-

367 747 424 796 σιν
437 726 612 806 ἐπιθέντες
631 729 667 794 οί
675 726 829 814 πολέμιοι
841 723 906 814 τὴν
917 723 1069 814 ἀνάγκην
1081 730 1144 795 τοῦ
1156 724 1323 813 μάχεσθαι.
1367 781 1369 808 ÷

367 836 397 899 2.
410 830 468 899 καὶ
486 826 524 898 τὸ
543 826 689 897 σύνολον
703 825 766 897 οῦκ
780 831 819 897 ἐν
830 834 941 921 μικρῷ
954 829 1076 898 θετέον
1089 825 1172 898 οὐδὲ
1185 854 1322 919 παρορα·

367 934 443 1002 τίον
469 930 531 1019 τὴν
550 935 620 1000 τῦν
639 930 803 999 τοιούτων
830 931 1008 1022 πρόνοιαν·
1036 929 1246 1019 ἐμφαγόντες
1269 928 1324 1019 γάρ

315 1056 350 1109 ολ
367 1038 565 1124 στρατιῶται
587 1038 730 1123 μετρίως
737 1030 856 1120 ,ὥστε
867 1032 913 1124 μὴ
933 1030 1043 1123 πρλῦν
1064 1036 1325 1124 ἐμφορτίσασθαι

366 1142 407 1227 τῇ
422 1139 541 1226 γαστρὶ
554 1134 665 1226 κόρον,
675 1134 941 1226 δυναμικώτεροι
951 1133 1035 1226 πρὸς
1046 1133 1106 1216 τάς
1118 1135 1228 1226 μάχας
1239 1143 1301 1206 είσί
1317 1155 1323 1170 ·

365 1240 525 1320 πολλάκις
551 1240 608 1307 καὶ
634 1235 725 1328 παρά
753 1236 851 1309 τοῦθ’
879 1236 1008 1329 ἡττήθη
1033 1238 1247 1328 στρατόπεδα
1275 1242 1325 1325 της

365 1341 478 1431 ἰσχύος
498 1339 716 1430 ἐλλειπούσης
737 1338 793 1410 διά
808 1339 870 1430 τὴν
884 1346 1035 1426 ἔνδειαν,
1055 1338 1139 1411 όταν
1153 1338 1199 1431 μὴ
1215 1344 1253 1412 ἐν
1266 1337 1327 1423 όξεί

364 1449 472 1537 καιρῷ
485 1449 638 1534 κρίνηται
656 1441 696 1512 τά
716 1448 775 1532 τῆς
795 1444 920 1533 μάχης,
943 1440 1027 1513 άλλά
1046 1440 1095 1512 δι’
1114 1441 1243 1534 ἡμέρας
1255 1441 1325 1531 ὅλης

365 1546 520 1636 λαμβάνῃ
531 1544 568 1616 τό
582 1547 683 1626 τέλος.
704 1622 716 1642 ³

671 1968 939 2039 ΚΕΦΑΛΑΙΟΝ
961 1967 1014 2037 ΙΓ.

391 2112 494 2180 [ΠΕΡΙ
511 2112 588 2164 του
603 2113 705 2165 mm
722 2113 797 2166 του
814 2075 1036 2167 mawron
1052 2112 1300 2167 ευουυοωευ

656 2197 742 2249 τετε
759 2196 1034 2264 mmmmm

317 2356 322 2364 ’
419 2350 525 2426 1.”οτ’
539 2349 584 2424 άν
597 2356 637 2425 δέ
649 2382 698 2436 τις
709 2357 835 2445 ἐμπέσῃ
851 2360 1026 2443 δυσθυμία
1040 2353 1262 2444 στρατεύματι
1274 2352 1325 2423 καλ

364 2455 468 2547 φόβος
488 2452 509 2546 ἢ
524 2463 711 2548 συμμαχίας
733 2473 803 2538 τοῖς
821 2463 992 2546 πολεμίους
1010 2454 1200 2546 ἀφιγμένης
1213 2452 1235 2545 ἢ
1248 2481 1323 2545 προ·

362 2559 545 2651 τερήματός
558 2579 654 2648 σφισι
667 2559 861 2648 γεγονότος,
882 2556 900 2629 ό
914 2558 1098 2649 στρατηγός
1112 2558 1190 2629 τότε
1210 2557 1253 2649 δὴ
1265 2555 1323 2647 μά-

363 2672 459 2733 λιστα
471 2678 541 2744 τοῖς
559 2662 775 2752 στρατιώταις
796 2660 908 2751 ίλαρὸς
927 2664 984 2732 καὶ
1005 2660 1160 2751 γεγηθάς
1173 2665 1233 2732 καὶ
1245 2658 1325 2730 άκα-

272 2773 278 2785 ”
362 2766 547 2854 τάπληκτος
566 2767 758 2855 φαινέσθω
787 2773 817 2834 2.
838 2771 875 2835 αί
884 2762 948 2854 γάρ
962 2762 1057 2848 ὄψεις
1070 2769 1139 2834 τῶν
1152 2760 1325 2854 ἡγεμόνων

214 2949 222 2962 ·
362 2875 747 2970 συμμετασχηματίζουσι
759 2868 818 2948 τὰς
836 2865 945 2955 ψυχὰς
957 2871 1026 2936 τῦν
1039 2863 1325 2957 ὑποταττομένων,

311 2988 346 3042 05
362 2972 419 3041 καὶ
434 2974 622 3061 στρατηγοῦ
634 2971 699 3059 μὲν
710 2968 969 3060 εῦθυμουμέυου
982 2971 1039 3039 καί
1054 2968 1171 3060 [λαρόν
1184 2972 1324 3059 βλέπον·

362 3101 417 3154 τος
436 3070 628 3163 άυαθαρρεῑ
644 3071 755 3142 καὶτὸ
775 3071 1002 3161 στρατόπεδον
1022 3068 1066 3152 ὦς
1079 3070 1222 3153 οὐδενός
1235 3069 1324 3149 όντος

363 3181 499 3262 δεινοῦ,
521 3174 762 3264 κατεπτηχότος
783 3177 822 3245 δὲ
844 3177 901 3245 καὶ
923 3176 1139 3264 λυπουμένου
1160 3196 1323 3265 συγκατα-

362 3286 522 3348 πίπτουσι
534 3294 606 3361 ταῖς
621 3284 784 3358 διανοίαις
798 3273 841 3358 ῦς
854 3276 1002 3367 μεγάλου
1015 3283 1112 3366 σφίσι
1123 3283 1235 3348 κακοῦ
1247 3302 1324 3367 προ·

362 3382 579 3471 φαινομένου.
609 3390 640 3451 3.
665 3379 718 3451 διὸ
737 3377 800 3470 χρὴ
820 3382 923 3451 πλέον
943 3384 991 3473 τῷ
1010 3380 1151 3471 σχήματι
1171 3382 1235 3451 τοῦ
1247 3406 1324 3469 προ-

363 3481 478 3553 σύπου
491 3499 691 3577 στρατηγεῖν
705 3481 767 3572 τὴν
782 3488 843 3553 τοῦ
858 3482 1010 3572 πλήθους
1030 3481 1203 3572 εὐθυμίαν
1221 3478 1243 3572 ἢ
1261 3499 1325 3562 τοῖς

237 3586 241 3595 ’
352 3586 470 3677 λόγοις
480 3600 705 3681 παρηγορεῖν·
720 3585 830 3676 λόγοις
845 3586 905 3676 μὲν
918 3584 982 3675 γάρ
992 3588 1110 3656 πολλοι
1119 3587 1177 3655 καὶ
1188 3583 1325 3675 ἠπίστη-

339 3712 411 3762 σαν
438 3689 486 3776 οῦς
506 3698 572 3767 τοῦ
595 3696 724 3787 καιροῦ
753 3691 1007 3780 πεπλασμένοις
1024 3684 1168 3768 ἕνεκεν,
1190 3686 1275 3763 ἵκοιο
1297 3688 1334 3751 οξ

323 3804 551 3892 θαρροῦσαν
565 3797 823 3896 ἀνυπόκριτον
840 3781 1361 3877 alvuwouaetwmkwmm
