<?xml version="1.0" encoding="UTF-8"?>
<!DOCTYPE html PUBLIC "-//W3C//DTD XHTML 1.0 Transitional//EN"
    "http://www.w3.org/TR/xhtml1/DTD/xhtml1-transitional.dtd">
<html xmlns="http://www.w3.org/1999/xhtml" xml:lang="en" lang="en">
 <head>
  <title>
</title>
<meta http-equiv="Content-Type" content="text/html;charset=utf-8" />
  <meta name='ocr-system' content='tesseract 3.04.00' />
  <meta name='ocr-capabilities' content='ocr_page ocr_carea ocr_par ocr_line ocrx_word'/>
</head>
<body>
  <div class='ocr_page' id='page_1' title='image "./herodianiabexce00herogoog_0054.png"; bbox 0 0 3134 4367; ppageno 0'>
   <div class='ocr_carea' id='block_1_1' title="bbox 249 441 933 533">
    <p class='ocr_par' dir='ltr' id='par_1_1' title="bbox 249 441 933 533">
     <span class='ocr_line' id='line_1_1' title="bbox 249 441 933 533; baseline 0.001 -32"><span class='ocrx_word' id='word_1_1' title='bbox 249 526 253 533; x_wconf 91' lang='lat'>.</span> <span class='ocrx_word' id='word_1_2' title='bbox 344 441 385 501; x_wconf 81' lang='lat'><em>44</em></span> <span class='ocrx_word' id='word_1_3' title='bbox 711 441 933 502; x_wconf 74' lang='grc' dir='ltr'><em>Δσνοενον</em></span> 
     </span>
    </p>
   </div>
   <div class='ocr_carea' id='block_1_2' title="bbox 271 608 1344 3187">
    <p class='ocr_par' dir='ltr' id='par_1_2' title="bbox 331 608 1330 1220">
     <span class='ocr_line' id='line_1_2' title="bbox 344 608 1301 703; baseline 0.001 -20"><span class='ocrx_word' id='word_1_4' title='bbox 344 616 457 703; x_wconf 80' lang='grc' dir='ltr'><strong><em>μένοις</em></strong></span> <span class='ocrx_word' id='word_1_5' title='bbox 471 629 646 703; x_wconf 88' lang='grc' dir='ltr'><em>παρεῖχον·</em></span> <span class='ocrx_word' id='word_1_6' title='bbox 660 609 698 681; x_wconf 83' lang='grc' dir='ltr'><em>τό</em></span> <span class='ocrx_word' id='word_1_7' title='bbox 713 613 751 682; x_wconf 76' lang='grc' dir='ltr'><em>δέ</em></span> <span class='ocrx_word' id='word_1_8' title='bbox 763 622 973 698; x_wconf 89' lang='grc' dir='ltr'><em>τελευταῖον,</em></span> <span class='ocrx_word' id='word_1_9' title='bbox 988 608 1063 682; x_wconf 81' lang='grc' dir='ltr'><em>οὐδ’</em></span> <span class='ocrx_word' id='word_1_10' title='bbox 1081 608 1169 682; x_wconf 79' lang='grc' dir='ltr'><em>ὅλων</em></span> <span class='ocrx_word' id='word_1_11' title='bbox 1183 620 1301 701; x_wconf 77' lang='grc' dir='ltr'><em>μηνῶν</em></span> 
     </span>
     <span class='ocr_line' id='line_1_3' title="bbox 345 712 1300 809; baseline -0.002 -22"><span class='ocrx_word' id='word_1_12' title='bbox 345 717 408 787; x_wconf 82' lang='grc' dir='ltr'><em>δύο</em></span> <span class='ocrx_word' id='word_1_13' title='bbox 427 722 485 804; x_wconf 86' lang='grc' dir='ltr'><em>τής</em></span> <span class='ocrx_word' id='word_1_14' title='bbox 504 724 673 806; x_wconf 86' lang='grc' dir='ltr'><em>βασιλείας</em></span> <span class='ocrx_word' id='word_1_15' title='bbox 692 712 783 809; x_wconf 77' lang='grc' dir='ltr'><em>αὐτῷ</em></span> <span class='ocrx_word' id='word_1_16' title='bbox 803 725 1111 806; x_wconf 87' lang='grc' dir='ltr'><em>προκεχωρηκυίας,</em></span> <span class='ocrx_word' id='word_1_17' title='bbox 1133 718 1300 798; x_wconf 82' lang='grc' dir='ltr'><em>ἐπιδειξα-</em></span> 
     </span>
     <span class='ocr_line' id='line_1_4' title="bbox 344 816 1302 912; baseline -0.001 -22"><span class='ocrx_word' id='word_1_18' title='bbox 344 824 448 910; x_wconf 85' lang='grc' dir='ltr'><strong><em>μένου</em></strong></span> <span class='ocrx_word' id='word_1_19' title='bbox 461 848 496 889; x_wconf 92' lang='grc' dir='ltr'><em>τε</em></span> <span class='ocrx_word' id='word_1_20' title='bbox 510 824 547 889; x_wconf 89' lang='grc' dir='ltr'><em>ἐν</em></span> <span class='ocrx_word' id='word_1_21' title='bbox 560 816 661 912; x_wconf 78' lang='grc' dir='ltr'><em>ὀλίγῳ</em></span> <span class='ocrx_word' id='word_1_22' title='bbox 674 819 784 912; x_wconf 82' lang='grc' dir='ltr'><em>χρόνῳ</em></span> <span class='ocrx_word' id='word_1_23' title='bbox 803 818 909 890; x_wconf 85' lang='grc' dir='ltr'><em>πολλά</em></span> <span class='ocrx_word' id='word_1_24' title='bbox 922 820 1081 910; x_wconf 76' lang='grc' dir='ltr'><em>σαόφρονα</em></span> <span class='ocrx_word' id='word_1_25' title='bbox 1100 821 1156 887; x_wconf 83' lang='grc' dir='ltr'><em>καλ</em></span> <span class='ocrx_word' id='word_1_26' title='bbox 1176 819 1302 909; x_wconf 84' lang='grc' dir='ltr'><em>χρηστά</em></span> 
     </span>
     <span class='ocr_line' id='line_1_5' title="bbox 331 918 1300 1013; baseline 0 -19"><span class='ocrx_word' id='word_1_27' title='bbox 331 930 444 1012; x_wconf 81' lang='grc' dir='ltr'><em>Ιἔργα,</em></span> <span class='ocrx_word' id='word_1_28' title='bbox 459 928 606 994; x_wconf 77' lang='grc' dir='ltr'><em>ἐλπίδων</em></span> <span class='ocrx_word' id='word_1_29' title='bbox 617 951 654 992; x_wconf 89' lang='grc' dir='ltr'><em>τε</em></span> <span class='ocrx_word' id='word_1_30' title='bbox 667 920 809 1010; x_wconf 78' lang='grc' dir='ltr'><em>ἀγαθῶν</em></span> <span class='ocrx_word' id='word_1_31' title='bbox 821 940 889 1003; x_wconf 85' lang='grc' dir='ltr'><em>τοῖς</em></span> <span class='ocrx_word' id='word_1_32' title='bbox 902 920 1096 1013; x_wconf 76' lang='grc' dir='ltr'><em>ἀρχομένοις</em></span> <span class='ocrx_word' id='word_1_33' title='bbox 1109 918 1300 1012; x_wconf 81' lang='grc' dir='ltr'><em>ὑποφαινο-</em></span> 
     </span>
     <span class='ocr_line' id='line_1_6' title="bbox 343 1023 1330 1117; baseline -0.005 -21"><span class='ocrx_word' id='word_1_34' title='bbox 343 1031 472 1116; x_wconf 86' lang='grc' dir='ltr'><em>μένων,</em></span> <span class='ocrx_word' id='word_1_35' title='bbox 492 1027 655 1117; x_wconf 76' lang='grc' dir='ltr'><em>ἐβάσκηνε</em></span> <span class='ocrx_word' id='word_1_36' title='bbox 675 1026 783 1097; x_wconf 91' lang='grc' dir='ltr'><em>πάντα</em></span> <span class='ocrx_word' id='word_1_37' title='bbox 803 1029 858 1096; x_wconf 81' lang='grc' dir='ltr'><em>καλ</em></span> <span class='ocrx_word' id='word_1_38' title='bbox 874 1023 1037 1116; x_wconf 74' lang='grc' dir='ltr'><em>ἀνέτρεψε</em></span> <span class='ocrx_word' id='word_1_39' title='bbox 1057 1024 1187 1115; x_wconf 82' lang='grc' dir='ltr'><em>πονηρὰ</em></span> <span class='ocrx_word' id='word_1_40' title='bbox 1204 1028 1330 1116; x_wconf 53' lang='grc' dir='ltr'><em>τάχημε</em></span> 
     </span>
     <span class='ocr_line' id='line_1_7' title="bbox 343 1125 1301 1220; baseline 0 -20"><span class='ocrx_word' id='word_1_41' title='bbox 343 1129 494 1201; x_wconf 71' lang='grc' dir='ltr'><em>ἐκώλυσέ</em></span> <span class='ocrx_word' id='word_1_42' title='bbox 504 1159 540 1200; x_wconf 87' lang='grc' dir='ltr'><em>τε</em></span> <span class='ocrx_word' id='word_1_43' title='bbox 553 1128 731 1219; x_wconf 82' lang='grc' dir='ltr'><em>θαυμαστά</em></span> <span class='ocrx_word' id='word_1_44' title='bbox 739 1132 795 1199; x_wconf 79' lang='grc' dir='ltr'><em>καὶ</em></span> <span class='ocrx_word' id='word_1_45' title='bbox 803 1133 960 1219; x_wconf 84' lang='grc' dir='ltr'><em>ἐπωφελή</em></span> <span class='ocrx_word' id='word_1_46' title='bbox 970 1125 1205 1217; x_wconf 83' lang='grc' dir='ltr'><em>τοῖςῦπηκόοις</em></span> <span class='ocrx_word' id='word_1_47' title='bbox 1218 1137 1301 1220; x_wconf 88' lang='grc' dir='ltr'><em>ἐργα</em></span> 
     </span>
    </p>

    <p class='ocr_par' dir='ltr' id='par_1_3' title="bbox 312 1231 1344 1944">
     <span class='ocr_line' id='line_1_8' title="bbox 312 1231 1297 1325; baseline -0.001 -21"><span class='ocrx_word' id='word_1_48' title='bbox 312 1255 330 1310; x_wconf 85' lang='grc'><strong>6</strong></span> <span class='ocrx_word' id='word_1_49' title='bbox 345 1236 379 1315; x_wconf 93' lang='grc' dir='ltr'><em>ἐς</em></span> <span class='ocrx_word' id='word_1_50' title='bbox 390 1236 483 1315; x_wconf 90' lang='grc' dir='ltr'><em>τέλος</em></span> <span class='ocrx_word' id='word_1_51' title='bbox 496 1232 652 1322; x_wconf 82' lang='grc' dir='ltr'><em>ἀχθῆναι.</em></span> <span class='ocrx_word' id='word_1_52' title='bbox 704 1234 911 1325; x_wconf 73' lang='grc' dir='ltr'><em>πρῶτονμὲν</em></span> <span class='ocrx_word' id='word_1_53' title='bbox 931 1233 995 1322; x_wconf 86' lang='grc' dir='ltr'><em>γάρ</em></span> <span class='ocrx_word' id='word_1_54' title='bbox 1016 1240 1126 1303; x_wconf 86' lang='grc' dir='ltr'><em>πᾶσαν</em></span> <span class='ocrx_word' id='word_1_55' title='bbox 1145 1232 1208 1323; x_wconf 85' lang='grc' dir='ltr'><em>τήν</em></span> <span class='ocrx_word' id='word_1_56' title='bbox 1224 1231 1297 1303; x_wconf 85' lang='grc' dir='ltr'><em>κατ’</em></span> 
     </span>
     <span class='ocr_line' id='line_1_9' title="bbox 337 1334 1300 1427; baseline -0.001 -19"><span class='ocrx_word' id='word_1_57' title='bbox 337 1334 480 1408; x_wconf 82' lang='grc' dir='ltr'><em>Ἰταλίαν</em></span> <span class='ocrx_word' id='word_1_58' title='bbox 499 1339 555 1407; x_wconf 83' lang='grc' dir='ltr'><em>καλ</em></span> <span class='ocrx_word' id='word_1_59' title='bbox 575 1335 612 1407; x_wconf 88' lang='grc' dir='ltr'><em>ἐν</em></span> <span class='ocrx_word' id='word_1_60' title='bbox 631 1354 700 1417; x_wconf 81' lang='grc' dir='ltr'><em>τοῖς</em></span> <span class='ocrx_word' id='word_1_61' title='bbox 719 1347 846 1417; x_wconf 80' lang='grc' dir='ltr'><em>λοιποῖς</em></span> <span class='ocrx_word' id='word_1_62' title='bbox 872 1343 1011 1406; x_wconf 77' lang='grc' dir='ltr'><em>ἔθνεσιν</em></span> <span class='ocrx_word' id='word_1_63' title='bbox 1029 1335 1244 1427; x_wconf 72' lang='grc' dir='ltr'><em>ἀγεώργητον</em></span> <span class='ocrx_word' id='word_1_64' title='bbox 1263 1363 1300 1407; x_wconf 86' lang='grc' dir='ltr'><em>τε</em></span> 
     </span>
     <span class='ocr_line' id='line_1_10' title="bbox 342 1432 1300 1530; baseline -0.002 -19"><span class='ocrx_word' id='word_1_65' title='bbox 342 1443 399 1511; x_wconf 85' lang='grc' dir='ltr'><em>καὶ</em></span> <span class='ocrx_word' id='word_1_66' title='bbox 412 1442 624 1511; x_wconf 89' lang='grc' dir='ltr'><em>παντάπασιν</em></span> <span class='ocrx_word' id='word_1_67' title='bbox 637 1432 742 1511; x_wconf 80' lang='grc' dir='ltr'><em>οὖσαν</em></span> <span class='ocrx_word' id='word_1_68' title='bbox 761 1437 867 1528; x_wconf 83' lang='grc' dir='ltr'><em>ἀργὸν</em></span> <span class='ocrx_word' id='word_1_69' title='bbox 886 1444 1084 1530; x_wconf 72' lang='grc' dir='ltr'><em>ἐπέτρεψεν,</em></span> <span class='ocrx_word' id='word_1_70' title='bbox 1104 1437 1232 1530; x_wconf 82' lang='grc' dir='ltr'><em>ὁπόσην</em></span> <span class='ocrx_word' id='word_1_71' title='bbox 1249 1468 1300 1522; x_wconf 87' lang='grc' dir='ltr'><em>τις</em></span> 
     </span>
     <span class='ocr_line' id='line_1_11' title="bbox 341 1542 1344 1638; baseline -0.001 -24"><span class='ocrx_word' id='word_1_72' title='bbox 341 1542 498 1638; x_wconf 79' lang='grc' dir='ltr'><em>βούλεται</em></span> <span class='ocrx_word' id='word_1_73' title='bbox 517 1548 573 1615; x_wconf 84' lang='grc' dir='ltr'><em>καλ</em></span> <span class='ocrx_word' id='word_1_74' title='bbox 594 1543 753 1631; x_wconf 84' lang='grc' dir='ltr'><em>δύναται,</em></span> <span class='ocrx_word' id='word_1_75' title='bbox 782 1551 813 1613; x_wconf 84' lang='grc' dir='ltr'><em>εί</em></span> <span class='ocrx_word' id='word_1_76' title='bbox 831 1546 887 1614; x_wconf 79' lang='grc' dir='ltr'><em>καὶ</em></span> <span class='ocrx_word' id='word_1_77' title='bbox 914 1548 1076 1633; x_wconf 89' lang='grc' dir='ltr'><em>βασιλέως</em></span> <span class='ocrx_word' id='word_1_78' title='bbox 1101 1552 1209 1634; x_wconf 79' lang='grc' dir='ltr'><em>κτῆμα</em></span> <span class='ocrx_word' id='word_1_79' title='bbox 1236 1555 1300 1633; x_wconf 83' lang='grc' dir='ltr'><em>εῖη,</em></span> <span class='ocrx_word' id='word_1_80' title='bbox 1319 1571 1344 1613; x_wconf 90' lang='grc' dir='ltr'><em>ιο</em></span> 
     </span>
     <span class='ocr_line' id='line_1_12' title="bbox 341 1647 1302 1738; baseline -0.001 -21"><span class='ocrx_word' id='word_1_81' title='bbox 341 1649 623 1738; x_wconf 80' lang='grc' dir='ltr'><em>καταλαμβάνειν,</em></span> <span class='ocrx_word' id='word_1_82' title='bbox 651 1650 888 1737; x_wconf 88' lang='grc' dir='ltr'><em>ἐπιμεληθέντι</em></span> <span class='ocrx_word' id='word_1_83' title='bbox 921 1675 957 1716; x_wconf 91' lang='grc' dir='ltr'><em>τε</em></span> <span class='ocrx_word' id='word_1_84' title='bbox 988 1650 1045 1717; x_wconf 84' lang='grc' dir='ltr'><em>καλ</em></span> <span class='ocrx_word' id='word_1_85' title='bbox 1071 1647 1302 1738; x_wconf 86' lang='grc' dir='ltr'><em>γεωργήσαντι</em></span> 
     </span>
     <span class='ocr_line' id='line_1_13' title="bbox 342 1748 1300 1841; baseline -0.002 -19"><span class='ocrx_word' id='word_1_86' title='bbox 342 1751 486 1841; x_wconf 75' lang='grc' dir='ltr'><em>δεσπότῃ</em></span> <span class='ocrx_word' id='word_1_87' title='bbox 508 1753 611 1822; x_wconf 77' lang='grc' dir='ltr'><em>εἶναι·</em></span> <span class='ocrx_word' id='word_1_88' title='bbox 632 1756 741 1822; x_wconf 79' lang='grc' dir='ltr'><em>ἔδωκέ</em></span> <span class='ocrx_word' id='word_1_89' title='bbox 756 1779 793 1821; x_wconf 89' lang='grc' dir='ltr'><em>τε</em></span> <span class='ocrx_word' id='word_1_90' title='bbox 812 1756 1021 1841; x_wconf 77' lang='grc' dir='ltr'><em>γεωργοῦσιν</em></span> <span class='ocrx_word' id='word_1_91' title='bbox 1041 1748 1193 1821; x_wconf 82' lang='grc' dir='ltr'><em>ἀτέλειαν</em></span> <span class='ocrx_word' id='word_1_92' title='bbox 1213 1751 1300 1820; x_wconf 87' lang='grc' dir='ltr'><em>πάν-</em></span> 
     </span>
     <span class='ocr_line' id='line_1_14' title="bbox 340 1851 1300 1944; baseline -0.002 -20"><span class='ocrx_word' id='word_1_93' title='bbox 340 1882 410 1924; x_wconf 84' lang='grc' dir='ltr'><em>των</em></span> <span class='ocrx_word' id='word_1_94' title='bbox 430 1858 463 1935; x_wconf 85' lang='grc' dir='ltr'><em>ἐς</em></span> <span class='ocrx_word' id='word_1_95' title='bbox 485 1859 566 1926; x_wconf 91' lang='grc' dir='ltr'><em>δέκα</em></span> <span class='ocrx_word' id='word_1_96' title='bbox 587 1862 662 1944; x_wconf 90' lang='grc' dir='ltr'><em>ἐτη,</em></span> <span class='ocrx_word' id='word_1_97' title='bbox 683 1859 739 1925; x_wconf 86' lang='grc' dir='ltr'><em>καλ</em></span> <span class='ocrx_word' id='word_1_98' title='bbox 761 1852 817 1924; x_wconf 87' lang='grc' dir='ltr'><em>διά</em></span> <span class='ocrx_word' id='word_1_99' title='bbox 836 1851 959 1934; x_wconf 85' lang='grc' dir='ltr'><em>παντός</em></span> <span class='ocrx_word' id='word_1_100' title='bbox 977 1861 1170 1935; x_wconf 85' lang='grc' dir='ltr'><em>δεσποτείας</em></span> <span class='ocrx_word' id='word_1_101' title='bbox 1183 1852 1300 1944; x_wconf 89' lang='grc' dir='ltr'><em>ἀμερι-</em></span> 
     </span>
    </p>

    <p class='ocr_par' dir='ltr' id='par_1_4' title="bbox 310 1954 1342 2668">
     <span class='ocr_line' id='line_1_15' title="bbox 310 1954 1302 2047; baseline 0 -20"><span class='ocrx_word' id='word_1_102' title='bbox 310 1984 327 2040; x_wconf 80' lang='grc' dir='ltr'><em>γ</em></span> <span class='ocrx_word' id='word_1_103' title='bbox 343 1964 455 2046; x_wconf 87' lang='grc' dir='ltr'><em>μνίαν.</em></span> <span class='ocrx_word' id='word_1_104' title='bbox 505 1975 574 2038; x_wconf 88' lang='grc' dir='ltr'><em>τοῖς</em></span> <span class='ocrx_word' id='word_1_105' title='bbox 587 1986 623 2027; x_wconf 88' lang='grc' dir='ltr'><em>τε</em></span> <span class='ocrx_word' id='word_1_106' title='bbox 638 1967 823 2046; x_wconf 78' lang='grc' dir='ltr'><em>βασιλικοῖς</em></span> <span class='ocrx_word' id='word_1_107' title='bbox 836 1957 999 2047; x_wconf 80' lang='grc' dir='ltr'><em>κτήμασιν</em></span> <span class='ocrx_word' id='word_1_108' title='bbox 1013 1957 1181 2027; x_wconf 73' lang='grc' dir='ltr'><em>ἐκώλυσεν</em></span> <span class='ocrx_word' id='word_1_109' title='bbox 1195 1954 1302 2029; x_wconf 81' lang='grc' dir='ltr'><em>αὑτοῦ</em></span> 
     </span>
     <span class='ocr_line' id='line_1_16' title="bbox 339 2056 1342 2151; baseline -0.001 -20"><span class='ocrx_word' id='word_1_110' title='bbox 339 2058 486 2149; x_wconf 76' lang='grc' dir='ltr'><em>τοῦνομα</em></span> <span class='ocrx_word' id='word_1_111' title='bbox 500 2060 763 2151; x_wconf 88' lang='grc' dir='ltr'><em>ἐπιγράφεσθαι,</em></span> <span class='ocrx_word' id='word_1_112' title='bbox 784 2057 890 2131; x_wconf 73' lang='grc' dir='ltr'><em>εἰπών</em></span> <span class='ocrx_word' id='word_1_113' title='bbox 903 2056 988 2131; x_wconf 69' lang='grc' dir='ltr'><em>αὐτοὶ</em></span> <span class='ocrx_word' id='word_1_114' title='bbox 1001 2058 1062 2131; x_wconf 78' lang='grc' dir='ltr'><em>οὐκ</em></span> <span class='ocrx_word' id='word_1_115' title='bbox 1078 2068 1148 2131; x_wconf 85' lang='grc' dir='ltr'><em>ῖδια</em></span> <span class='ocrx_word' id='word_1_116' title='bbox 1161 2067 1222 2131; x_wconf 78' lang='grc' dir='ltr'><em>τοῦ</em></span> <span class='ocrx_word' id='word_1_117' title='bbox 1235 2070 1298 2149; x_wconf 85' lang='grc' dir='ltr'><em>βα·</em></span> <span class='ocrx_word' id='word_1_118' title='bbox 1319 2080 1342 2121; x_wconf 82' lang='lat'><em>¹⁵</em></span> 
     </span>
     <span class='ocr_line' id='line_1_17' title="bbox 339 2160 1299 2255; baseline 0.001 -22"><span class='ocrx_word' id='word_1_119' title='bbox 339 2163 529 2245; x_wconf 85' lang='grc' dir='ltr'><em>σιλεάοντος</em></span> <span class='ocrx_word' id='word_1_120' title='bbox 550 2165 652 2249; x_wconf 77' lang='grc' dir='ltr'><em>εἶναι,</em></span> <span class='ocrx_word' id='word_1_121' title='bbox 673 2162 758 2234; x_wconf 87' lang='grc' dir='ltr'><em>ἀλλά</em></span> <span class='ocrx_word' id='word_1_122' title='bbox 780 2162 877 2233; x_wconf 75' lang='grc' dir='ltr'><em>κοινοὶ</em></span> <span class='ocrx_word' id='word_1_123' title='bbox 902 2165 959 2232; x_wconf 79' lang='grc' dir='ltr'><em>καὶ</em></span> <span class='ocrx_word' id='word_1_124' title='bbox 979 2164 1122 2255; x_wconf 87' lang='grc' dir='ltr'><em>δημόσια</em></span> <span class='ocrx_word' id='word_1_125' title='bbox 1142 2171 1199 2253; x_wconf 86' lang='grc' dir='ltr'><em>τής</em></span> <span class='ocrx_word' id='word_1_126' title='bbox 1221 2160 1299 2234; x_wconf 85' lang='grc' dir='ltr'><em>Ῥω-</em></span> 
     </span>
     <span class='ocr_line' id='line_1_18' title="bbox 339 2264 1299 2358; baseline 0.002 -23"><span class='ocrx_word' id='word_1_127' title='bbox 339 2275 449 2356; x_wconf 87' lang='grc' dir='ltr'><em>μαίων</em></span> <span class='ocrx_word' id='word_1_128' title='bbox 462 2264 573 2357; x_wconf 87' lang='grc' dir='ltr'><em>ἀρχής.</em></span> <span class='ocrx_word' id='word_1_129' title='bbox 601 2271 678 2356; x_wconf 83' lang='grc' dir='ltr'><em>τέλη</em></span> <span class='ocrx_word' id='word_1_130' title='bbox 691 2296 727 2337; x_wconf 83' lang='grc' dir='ltr'><em>τε</em></span> <span class='ocrx_word' id='word_1_131' title='bbox 741 2268 850 2338; x_wconf 88' lang='grc' dir='ltr'><em>πάντα</em></span> <span class='ocrx_word' id='word_1_132' title='bbox 864 2264 904 2337; x_wconf 86' lang='grc' dir='ltr'><em>τά</em></span> <span class='ocrx_word' id='word_1_133' title='bbox 918 2266 1085 2358; x_wconf 88' lang='grc' dir='ltr'><em>πρότερον</em></span> <span class='ocrx_word' id='word_1_134' title='bbox 1098 2270 1153 2338; x_wconf 82' lang='grc' dir='ltr'><em>ἐπὶ</em></span> <span class='ocrx_word' id='word_1_135' title='bbox 1166 2273 1225 2356; x_wconf 81' lang='grc' dir='ltr'><em>τῆς</em></span> <span class='ocrx_word' id='word_1_136' title='bbox 1238 2295 1299 2337; x_wconf 91' lang='grc' dir='ltr'><em>τυ-</em></span> 
     </span>
     <span class='ocr_line' id='line_1_19' title="bbox 339 2368 1301 2461; baseline -0.001 -21"><span class='ocrx_word' id='word_1_137' title='bbox 339 2377 497 2460; x_wconf 88' lang='grc' dir='ltr'><em>ραννίδος</em></span> <span class='ocrx_word' id='word_1_138' title='bbox 511 2375 544 2450; x_wconf 91' lang='grc' dir='ltr'><em>ἐς</em></span> <span class='ocrx_word' id='word_1_139' title='bbox 565 2368 727 2461; x_wconf 79' lang='grc' dir='ltr'><em>εὐπορίαν</em></span> <span class='ocrx_word' id='word_1_140' title='bbox 745 2371 923 2461; x_wconf 87' lang='grc' dir='ltr'><em>χρημάτων</em></span> <span class='ocrx_word' id='word_1_141' title='bbox 943 2374 1166 2461; x_wconf 82' lang='grc' dir='ltr'><em>ἐπινοηθέντα</em></span> <span class='ocrx_word' id='word_1_142' title='bbox 1188 2374 1247 2440; x_wconf 89' lang='grc' dir='ltr'><em>ἐπί</em></span> <span class='ocrx_word' id='word_1_143' title='bbox 1264 2399 1301 2440; x_wconf 90' lang='grc' dir='ltr'><em>τε</em></span> 
     </span>
     <span class='ocr_line' id='line_1_20' title="bbox 338 2470 1299 2564; baseline -0.001 -20"><span class='ocrx_word' id='word_1_144' title='bbox 338 2470 456 2563; x_wconf 72' lang='grc' dir='ltr'><em>ὄχθαις</em></span> <span class='ocrx_word' id='word_1_145' title='bbox 470 2480 627 2564; x_wconf 76' lang='grc' dir='ltr'><em>ποταμῶν</em></span> <span class='ocrx_word' id='word_1_146' title='bbox 641 2476 697 2543; x_wconf 84' lang='grc' dir='ltr'><em>καλ</em></span> <span class='ocrx_word' id='word_1_147' title='bbox 711 2478 819 2564; x_wconf 84' lang='grc' dir='ltr'><em>λιμέσι</em></span> <span class='ocrx_word' id='word_1_148' title='bbox 834 2475 966 2546; x_wconf 88' lang='grc' dir='ltr'><em>πόλεων</em></span> <span class='ocrx_word' id='word_1_149' title='bbox 979 2482 1018 2545; x_wconf 89' lang='grc' dir='ltr'><em>ἐν</em></span> <span class='ocrx_word' id='word_1_150' title='bbox 1030 2504 1066 2545; x_wconf 91' lang='grc' dir='ltr'><em>τε</em></span> <span class='ocrx_word' id='word_1_151' title='bbox 1080 2471 1170 2545; x_wconf 76' lang='grc' dir='ltr'><em>ὁδῶν</em></span> <span class='ocrx_word' id='word_1_152' title='bbox 1183 2482 1299 2563; x_wconf 89' lang='grc' dir='ltr'><em>πορεί-</em></span> 
     </span>
     <span class='ocr_line' id='line_1_21' title="bbox 340 2574 1342 2668; baseline -0.005 -21"><span class='ocrx_word' id='word_1_153' title='bbox 340 2606 403 2664; x_wconf 87' lang='grc' dir='ltr'><em>αις,</em></span> <span class='ocrx_word' id='word_1_154' title='bbox 417 2577 604 2659; x_wconf 79' lang='grc' dir='ltr'><em>καταλύσας</em></span> <span class='ocrx_word' id='word_1_155' title='bbox 618 2582 651 2659; x_wconf 82' lang='grc' dir='ltr'><em>ἐς</em></span> <span class='ocrx_word' id='word_1_156' title='bbox 664 2575 701 2647; x_wconf 82' lang='grc' dir='ltr'><em>τό</em></span> <span class='ocrx_word' id='word_1_157' title='bbox 715 2576 854 2668; x_wconf 91' lang='grc' dir='ltr'><em>ἀρχαῖον</em></span> <span class='ocrx_word' id='word_1_158' title='bbox 875 2579 932 2648; x_wconf 80' lang='grc' dir='ltr'><em>καὶ</em></span> <span class='ocrx_word' id='word_1_159' title='bbox 950 2578 1134 2668; x_wconf 79' lang='grc' dir='ltr'><em>ἐλεύθερον</em></span> <span class='ocrx_word' id='word_1_160' title='bbox 1154 2574 1297 2666; x_wconf 80' lang='grc' dir='ltr'><em>ἀφῆκεν.</em></span> <span class='ocrx_word' id='word_1_161' title='bbox 1316 2601 1342 2642; x_wconf 83' lang='grc' dir='ltr'><em>κο</em></span> 
     </span>
    </p>

    <p class='ocr_par' dir='ltr' id='par_1_5' title="bbox 271 2678 1340 3187">
     <span class='ocr_line' id='line_1_22' title="bbox 271 2678 1297 2772; baseline -0.002 -20"><span class='ocrx_word' id='word_1_162' title='bbox 271 2701 273 2703; x_wconf 80' lang='grc'><strong>’</strong></span> <span class='ocrx_word' id='word_1_163' title='bbox 311 2696 329 2751; x_wconf 91' lang='grc'>8</span> <span class='ocrx_word' id='word_1_164' title='bbox 345 2684 503 2772; x_wconf 89' lang='grc' dir='ltr'><em>ἐμέλλησε</em></span> <span class='ocrx_word' id='word_1_165' title='bbox 517 2680 550 2752; x_wconf 87' lang='grc' dir='ltr'><em>δ’</em></span> <span class='ocrx_word' id='word_1_166' title='bbox 567 2679 609 2752; x_wconf 86' lang='grc' dir='ltr'><em>ἀν</em></span> <span class='ocrx_word' id='word_1_167' title='bbox 623 2689 671 2752; x_wconf 87' lang='grc' dir='ltr'><em>ἐτι</em></span> <span class='ocrx_word' id='word_1_168' title='bbox 687 2685 744 2753; x_wconf 80' lang='grc' dir='ltr'><em>καὶ</em></span> <span class='ocrx_word' id='word_1_169' title='bbox 758 2692 913 2767; x_wconf 86' lang='grc' dir='ltr'><em>πλείονα,</em></span> <span class='ocrx_word' id='word_1_170' title='bbox 936 2678 980 2763; x_wconf 71' lang='grc' dir='ltr'><em>ὥς</em></span> <span class='ocrx_word' id='word_1_171' title='bbox 992 2712 1031 2771; x_wconf 87' lang='grc' dir='ltr'><em>γε</em></span> <span class='ocrx_word' id='word_1_172' title='bbox 1044 2681 1084 2752; x_wconf 87' lang='grc' dir='ltr'><em>τά</em></span> <span class='ocrx_word' id='word_1_173' title='bbox 1103 2687 1161 2770; x_wconf 81' lang='grc' dir='ltr'><em>τῆς</em></span> <span class='ocrx_word' id='word_1_174' title='bbox 1178 2708 1297 2768; x_wconf 90' lang='grc' dir='ltr'><em>προαι-</em></span> 
     </span>
     <span class='ocr_line' id='line_1_23' title="bbox 339 2781 1299 2878; baseline 0 -24"><span class='ocrx_word' id='word_1_175' title='bbox 339 2788 462 2873; x_wconf 86' lang='grc' dir='ltr'><em>ρέσεως</em></span> <span class='ocrx_word' id='word_1_176' title='bbox 492 2790 721 2871; x_wconf 85' lang='grc' dir='ltr'><em>ἐνεδείκνυτο,</em></span> <span class='ocrx_word' id='word_1_177' title='bbox 749 2783 980 2878; x_wconf 78' lang='grc' dir='ltr'><em>εὐεργετήσειν</em></span> <span class='ocrx_word' id='word_1_178' title='bbox 1013 2784 1090 2867; x_wconf 79' lang='grc' dir='ltr'><em>τούς</em></span> <span class='ocrx_word' id='word_1_179' title='bbox 1116 2781 1299 2874; x_wconf 78' lang='grc' dir='ltr'><em>ὑπηκόους,</em></span> 
     </span>
     <span class='ocr_line' id='line_1_24' title="bbox 339 2881 1299 2979; baseline 0.001 -22"><span class='ocrx_word' id='word_1_180' title='bbox 339 2890 411 2957; x_wconf 80' lang='grc' dir='ltr'><em>ἐπεὶ</em></span> <span class='ocrx_word' id='word_1_181' title='bbox 425 2887 571 2967; x_wconf 75' lang='grc' dir='ltr'><em>καὶτοὺς</em></span> <span class='ocrx_word' id='word_1_182' title='bbox 585 2888 796 2977; x_wconf 80' lang='grc' dir='ltr'><em>συκοφάντας</em></span> <span class='ocrx_word' id='word_1_183' title='bbox 814 2896 871 2979; x_wconf 88' lang='grc' dir='ltr'><em>τής</em></span> <span class='ocrx_word' id='word_1_184' title='bbox 892 2888 1019 2969; x_wconf 87' lang='grc' dir='ltr'><em>πόλεως</em></span> <span class='ocrx_word' id='word_1_185' title='bbox 1038 2881 1082 2979; x_wconf 87' lang='grc' dir='ltr'><em>ήν</em></span> <span class='ocrx_word' id='word_1_186' title='bbox 1101 2889 1221 2971; x_wconf 74' lang='grc' dir='ltr'><em>διώξας</em></span> <span class='ocrx_word' id='word_1_187' title='bbox 1242 2892 1299 2958; x_wconf 80' lang='grc' dir='ltr'><em>καὶ</em></span> 
     </span>
     <span class='ocr_line' id='line_1_25' title="bbox 337 2987 1299 3081; baseline 0.002 -22"><span class='ocrx_word' id='word_1_188' title='bbox 337 2987 416 3070; x_wconf 83' lang='grc' dir='ltr'><em>τούς</em></span> <span class='ocrx_word' id='word_1_189' title='bbox 429 2990 643 3079; x_wconf 87' lang='grc' dir='ltr'><em>πανταχόθεν</em></span> <span class='ocrx_word' id='word_1_190' title='bbox 662 2997 870 3081; x_wconf 77' lang='grc' dir='ltr'><em>κολασθῆναι</em></span> <span class='ocrx_word' id='word_1_191' title='bbox 892 2990 1067 3077; x_wconf 81' lang='grc' dir='ltr'><em>κελεύσας,</em></span> <span class='ocrx_word' id='word_1_192' title='bbox 1088 2999 1148 3063; x_wconf 83' lang='grc' dir='ltr'><em>τοῦ</em></span> <span class='ocrx_word' id='word_1_193' title='bbox 1169 2993 1299 3081; x_wconf 89' lang='grc' dir='ltr'><em>μηδένα</em></span> 
     </span>
     <span class='ocr_line' id='line_1_26' title="bbox 339 3093 1340 3187; baseline 0.004 -25"><span class='ocrx_word' id='word_1_194' title='bbox 339 3093 580 3183; x_wconf 80' lang='grc' dir='ltr'><em>ἐπηρεάζεσθαι</em></span> <span class='ocrx_word' id='word_1_195' title='bbox 603 3094 688 3182; x_wconf 74' lang='grc' dir='ltr'><em>μηδὲ</em></span> <span class='ocrx_word' id='word_1_196' title='bbox 712 3102 862 3183; x_wconf 89' lang='grc' dir='ltr'><em>ματαίοις</em></span> <span class='ocrx_word' id='word_1_197' title='bbox 882 3094 1063 3184; x_wconf 82' lang='grc' dir='ltr'><em>ἐγκλήμασι</em></span> <span class='ocrx_word' id='word_1_198' title='bbox 1083 3104 1298 3187; x_wconf 89' lang='grc' dir='ltr'><em>περιπίπτειν</em></span> <span class='ocrx_word' id='word_1_199' title='bbox 1314 3124 1340 3166; x_wconf 69' lang='grc' dir='ltr'><em>κο</em></span> 
     </span>
    </p>
   </div>
   <div class='ocr_carea' id='block_1_3' title="bbox 269 3194 1367 3911">
    <p class='ocr_par' dir='ltr' id='par_1_6' title="bbox 337 3194 1296 3293">
     <span class='ocr_line' id='line_1_27' title="bbox 337 3194 1296 3293; baseline 0.003 -28"><span class='ocrx_word' id='word_1_200' title='bbox 337 3196 593 3285; x_wconf 81' lang='grc' dir='ltr'><em>προνοούμενος.</em></span> <span class='ocrx_word' id='word_1_201' title='bbox 609 3200 646 3267; x_wconf 88' lang='grc' dir='ltr'><em>έν</em></span> <span class='ocrx_word' id='word_1_202' title='bbox 659 3194 757 3288; x_wconf 83' lang='grc' dir='ltr'><em>ἀδείᾳ</em></span> <span class='ocrx_word' id='word_1_203' title='bbox 769 3226 805 3266; x_wconf 88' lang='grc' dir='ltr'><em>τε</em></span> <span class='ocrx_word' id='word_1_204' title='bbox 819 3200 874 3267; x_wconf 81' lang='grc' dir='ltr'><em>καὶ</em></span> <span class='ocrx_word' id='word_1_205' title='bbox 887 3207 1039 3292; x_wconf 82' lang='grc' dir='ltr'><em>μακαρίμ</em></span> <span class='ocrx_word' id='word_1_206' title='bbox 1052 3207 1116 3293; x_wconf 77' lang='grc' dir='ltr'><em>βίῳ</em></span> <span class='ocrx_word' id='word_1_207' title='bbox 1129 3197 1150 3288; x_wconf 84' lang='grc' dir='ltr'><em>ή</em></span> <span class='ocrx_word' id='word_1_208' title='bbox 1163 3227 1199 3268; x_wconf 88' lang='grc' dir='ltr'><em>τε</em></span> <span class='ocrx_word' id='word_1_209' title='bbox 1213 3199 1296 3286; x_wconf 84' lang='grc' dir='ltr'><em>σύγ-</em></span> 
     </span>
    </p>

    <p class='ocr_par' dir='ltr' id='par_1_7' title="bbox 307 3300 1367 3497">
     <span class='ocr_line' id='line_1_28' title="bbox 337 3300 1296 3391; baseline 0.005 -24"><span class='ocrx_word' id='word_1_210' title='bbox 337 3308 456 3385; x_wconf 85' lang='grc' dir='ltr'><em>κλητος</em></span> <span class='ocrx_word' id='word_1_211' title='bbox 468 3300 610 3389; x_wconf 89' lang='grc' dir='ltr'><em>μάλιστα</em></span> <span class='ocrx_word' id='word_1_212' title='bbox 622 3304 727 3372; x_wconf 82' lang='grc' dir='ltr'><em>καλοί</em></span> <span class='ocrx_word' id='word_1_213' title='bbox 737 3305 847 3372; x_wconf 80' lang='grc' dir='ltr'><em>λοιποὶ</em></span> <span class='ocrx_word' id='word_1_214' title='bbox 856 3301 978 3383; x_wconf 89' lang='grc' dir='ltr'><em>πάντες</em></span> <span class='ocrx_word' id='word_1_215' title='bbox 991 3303 1177 3390; x_wconf 82' lang='grc' dir='ltr'><em>βιάσεσθαι</em></span> <span class='ocrx_word' id='word_1_216' title='bbox 1191 3323 1296 3391; x_wconf 89' lang='grc' dir='ltr'><em>προσ-</em></span> 
     </span>
     <span class='ocr_line' id='line_1_29' title="bbox 307 3399 1367 3497; baseline 0.004 -26"><span class='ocrx_word' id='word_1_217' title='bbox 307 3401 477 3481; x_wconf 85' lang='grc' dir='ltr'><em>9εδόκων.</em></span> <span class='ocrx_word' id='word_1_218' title='bbox 529 3401 616 3474; x_wconf 79' lang='grc' dir='ltr'><em>οὕτω</em></span> <span class='ocrx_word' id='word_1_219' title='bbox 637 3403 700 3495; x_wconf 85' lang='grc' dir='ltr'><em>γάρ</em></span> <span class='ocrx_word' id='word_1_220' title='bbox 720 3406 850 3495; x_wconf 86' lang='grc' dir='ltr'><em>μέτριος</em></span> <span class='ocrx_word' id='word_1_221' title='bbox 873 3408 929 3475; x_wconf 82' lang='grc' dir='ltr'><em>καὶ</em></span> <span class='ocrx_word' id='word_1_222' title='bbox 949 3405 1093 3497; x_wconf 76' lang='grc' dir='ltr'><em>ἰσότιμος</em></span> <span class='ocrx_word' id='word_1_223' title='bbox 1111 3399 1155 3495; x_wconf 90' lang='grc' dir='ltr'><em>ήν</em></span> <span class='ocrx_word' id='word_1_224' title='bbox 1177 3402 1221 3486; x_wconf 73' lang='grc' dir='ltr'><em>ὡς</em></span> <span class='ocrx_word' id='word_1_225' title='bbox 1240 3407 1297 3475; x_wconf 82' lang='grc' dir='ltr'><em>καὶ</em></span> <span class='ocrx_word' id='word_1_226' title='bbox 1364 3435 1367 3442; x_wconf 72' lang='grc'>’</span> 
     </span>
    </p>

    <p class='ocr_par' dir='ltr' id='par_1_8' title="bbox 336 3502 1340 3706">
     <span class='ocr_line' id='line_1_30' title="bbox 336 3502 1295 3600; baseline 0.003 -25"><span class='ocrx_word' id='word_1_227' title='bbox 336 3502 396 3576; x_wconf 82' lang='grc' dir='ltr'><em>τόν</em></span> <span class='ocrx_word' id='word_1_228' title='bbox 409 3502 486 3576; x_wconf 86' lang='grc' dir='ltr'><em>νίόν</em></span> <span class='ocrx_word' id='word_1_229' title='bbox 499 3502 603 3577; x_wconf 79' lang='grc' dir='ltr'><em>αὑτοῦ</em></span> <span class='ocrx_word' id='word_1_230' title='bbox 616 3506 681 3597; x_wconf 84' lang='grc' dir='ltr'><em>ήδη</em></span> <span class='ocrx_word' id='word_1_231' title='bbox 695 3508 869 3598; x_wconf 89' lang='grc' dir='ltr'><em>μειράκιον</em></span> <span class='ocrx_word' id='word_1_232' title='bbox 883 3507 964 3579; x_wconf 81' lang='grc' dir='ltr'><em>όντα</em></span> <span class='ocrx_word' id='word_1_233' title='bbox 976 3512 1061 3600; x_wconf 76' lang='grc' dir='ltr'><em>μηδὲ</em></span> <span class='ocrx_word' id='word_1_234' title='bbox 1075 3514 1108 3590; x_wconf 82' lang='grc' dir='ltr'><em>ἐς</em></span> <span class='ocrx_word' id='word_1_235' title='bbox 1121 3508 1184 3599; x_wconf 85' lang='grc' dir='ltr'><em>τήν</em></span> <span class='ocrx_word' id='word_1_236' title='bbox 1197 3516 1295 3598; x_wconf 87' lang='grc' dir='ltr'><em>βασί-</em></span> 
     </span>
     <span class='ocr_line' id='line_1_31' title="bbox 337 3606 1340 3706; baseline -0.002 -27"><span class='ocrx_word' id='word_1_237' title='bbox 337 3620 429 3680; x_wconf 91' lang='grc' dir='ltr'><em>λειον</em></span> <span class='ocrx_word' id='word_1_238' title='bbox 442 3606 551 3700; x_wconf 79' lang='grc' dir='ltr'><em>αὐλήν</em></span> <span class='ocrx_word' id='word_1_239' title='bbox 564 3609 766 3700; x_wconf 78' lang='grc' dir='ltr'><em>ἀναγαγεῖν,</em></span> <span class='ocrx_word' id='word_1_240' title='bbox 781 3610 856 3682; x_wconf 87' lang='grc' dir='ltr'><em>ἀλλ’</em></span> <span class='ocrx_word' id='word_1_241' title='bbox 874 3620 913 3683; x_wconf 87' lang='grc' dir='ltr'><em>ἐν</em></span> <span class='ocrx_word' id='word_1_242' title='bbox 924 3642 961 3683; x_wconf 89' lang='grc' dir='ltr'><em>τε</em></span> <span class='ocrx_word' id='word_1_243' title='bbox 973 3620 1014 3704; x_wconf 83' lang='grc' dir='ltr'><em>τή</em></span> <span class='ocrx_word' id='word_1_244' title='bbox 1028 3613 1166 3706; x_wconf 71' lang='grc' dir='ltr'><em>πατρῴα</em></span> <span class='ocrx_word' id='word_1_245' title='bbox 1179 3616 1296 3703; x_wconf 87' lang='grc' dir='ltr'><em>μένειν</em></span> <span class='ocrx_word' id='word_1_246' title='bbox 1314 3636 1340 3677; x_wconf 79' lang='grc' dir='ltr'><em>ιο</em></span> 
     </span>
    </p>

    <p class='ocr_par' dir='ltr' id='par_1_9' title="bbox 337 3712 1297 3807">
     <span class='ocr_line' id='line_1_32' title="bbox 337 3712 1297 3807; baseline 0.003 -25"><span class='ocrx_word' id='word_1_247' title='bbox 337 3719 443 3806; x_wconf 85' lang='grc' dir='ltr'><em>οίκίηι,</em></span> <span class='ocrx_word' id='word_1_248' title='bbox 464 3717 520 3784; x_wconf 85' lang='grc' dir='ltr'><em>καλ</em></span> <span class='ocrx_word' id='word_1_249' title='bbox 547 3718 580 3795; x_wconf 87' lang='grc' dir='ltr'><em>ἐς</em></span> <span class='ocrx_word' id='word_1_250' title='bbox 598 3712 639 3785; x_wconf 86' lang='grc' dir='ltr'><em>τά</em></span> <span class='ocrx_word' id='word_1_251' title='bbox 659 3716 793 3805; x_wconf 80' lang='grc' dir='ltr'><em>συνήθη</em></span> <span class='ocrx_word' id='word_1_252' title='bbox 814 3716 975 3807; x_wconf 76' lang='grc' dir='ltr'><em>προϊόντα</em></span> <span class='ocrx_word' id='word_1_253' title='bbox 996 3722 1213 3786; x_wconf 88' lang='grc' dir='ltr'><em>διδασκαλεῖα</em></span> <span class='ocrx_word' id='word_1_254' title='bbox 1240 3718 1297 3786; x_wconf 85' lang='grc' dir='ltr'><em>καλ</em></span> 
     </span>
    </p>

    <p class='ocr_par' dir='ltr' id='par_1_10' title="bbox 269 3799 1295 3911">
     <span class='ocr_line' id='line_1_33' title="bbox 269 3799 1295 3911; baseline 0.005 -26"><span class='ocrx_word' id='word_1_255' title='bbox 269 3799 287 3886; x_wconf 76' lang='grc' dir='ltr'>Ι</span> <span class='ocrx_word' id='word_1_256' title='bbox 317 3817 503 3901; x_wconf 65' lang='grc' dir='ltr'><em>ννμνιέπα</em></span> <span class='ocrx_word' id='word_1_257' title='bbox 519 3819 743 3892; x_wconf 81' lang='grc' dir='ltr'><em>ίδιοιτεάοντα</em></span> <span class='ocrx_word' id='word_1_258' title='bbox 761 3815 883 3911; x_wconf 82' lang='grc' dir='ltr'><em>ὁμοίως</em></span> <span class='ocrx_word' id='word_1_259' title='bbox 900 3837 969 3901; x_wconf 84' lang='grc' dir='ltr'><em>τοῖς</em></span> <span class='ocrx_word' id='word_1_260' title='bbox 989 3828 1116 3900; x_wconf 87' lang='grc' dir='ltr'><em>λοιποῖς</em></span> <span class='ocrx_word' id='word_1_261' title='bbox 1135 3819 1295 3891; x_wconf 79' lang='grc' dir='ltr'><em>παιδεύε-</em></span> 
     </span>
    </p>
   </div>
   <div class='ocr_carea' id='block_1_4' title="bbox 0 0 1572 4367">
    <p class='ocr_par' dir='ltr' id='par_1_11' title="bbox 0 0 1572 4367">
     <span class='ocr_line' id='line_1_34' title="bbox 0 0 1572 4367; baseline 0 2"><span class='ocrx_word' id='word_1_262' title='bbox 0 0 1572 4367; x_wconf 95' lang='lat' dir='ltr'><em> </em></span> 
     </span>
    </p>
   </div>
  </div>
 </body>
</html>
