3134 4367
664 426 807 486 ΕΚΤΟΝ
1152 422 1211 484 157

253 591 301 671 ῶν
314 598 534 671 πεπόνθεσαν
545 598 692 687 Πέρσαις
704 597 905 687 μαχόμενοι,
920 603 956 667 έκ
976 624 1012 666 τε
1032 588 1082 668 ῶν
1106 600 1212 667 έπυν-

251 704 401 774 θάνοντο
416 698 494 781 τοῦς
503 706 647 781 οἰκείους
659 704 792 770 ἕκαστοι
806 698 873 771 ῦπὸ
882 707 1066 788 Γερμανῶν
1079 697 1212 771 άτολα-

252 808 360 887 λότας.
394 802 607 894 ἠγανάκτουν
629 794 709 890 οῦν,
732 806 790 873 καὶ
808 801 867 874 τὸν
882 800 1101 891 Ἀλέξανδρον
1120 804 1210 892 είχον

253 914 290 980 έν
303 915 395 1000 αίτίηι
409 905 453 989 ῶς
466 904 507 976 τά
521 903 587 977 ῦπδ
597 922 669 987 ταῖς
679 904 855 987 ἀνατολαῖς
869 903 913 975 δι’
934 904 1091 996 άμέλειαν
1106 902 1127 994 ἢ
1141 912 1224 977 δει-·

227 1037 239 1076 ε
254 1020 331 1083 λίαν
344 1010 599 1101 προδεδωκότα,
616 1009 699 1099 πρός
713 1037 748 1079 τε
768 1010 809 1081 τά
829 1007 962 1102 άρκτηῶα
978 1012 1141 1097 μέλλοντα
1155 1011 1211 1078 καὶ

253 1114 432 1186 ὀκνοῦντα.
485 1103 529 1201 ἦν
545 1114 582 1183 δέ
597 1115 653 1181 καί
666 1108 757 1205 αὐτῷ
772 1116 846 1196 δέος
860 1120 906 1206 τῶ
922 1110 1127 1206 Ἀλεξάνδρῳ
1143 1128 1213 1192 τοῖς
1228 1118 1246 1171 4

254 1247 288 1289 τε
307 1224 453 1289 συνοῦσι
472 1223 583 1304 φίλοις
603 1213 667 1307 ἤδη
687 1218 840 1308 καὶπερὶ
862 1215 964 1305 αὐτῆς
985 1214 1131 1298 Ἰταλίας.
1171 1214 1214 1286 οῦ

254 1321 318 1410 γάρ
334 1318 451 1409 ὅμοιον
465 1316 610 1408 ἡγοῦντο
623 1318 683 1389 τὸν
696 1322 733 1389 έκ
746 1326 890 1411 Περσῶν
906 1326 1070 1390 κίνδυνον
1089 1315 1163 1390 οἷον
1177 1323 1214 1391 έκ

255 1431 454 1515 Γερμανῶν·
470 1428 505 1492 οί
521 1423 583 1512 μέν
591 1420 654 1513 γριρ
667 1419 733 1493 ῦπδ
744 1439 815 1505 ταῖς
829 1420 1002 1505 ἀνατολαῖς
1015 1430 1215 1494 κατοικοῦν-

219 1557 242 1601 ιι
258 1556 327 1616 τες,
349 1533 463 1618 μακρᾷ
485 1532 529 1616 γῇ
550 1528 607 1596 καί
628 1526 777 1616 θαλάττη
798 1533 904 1615 πολλῇ
926 1529 1131 1617 διηρημέυοι,
1152 1525 1215 1616 τὴν

253 1630 387 1701 Ἰταλῶν
399 1629 513 1720 χώραν
525 1630 620 1719 μόλις
634 1626 813 1718 άκοόουσι,
827 1628 867 1699 τά
883 1626 1049 1717 Ἰλλυρικά
1071 1630 1109 1699 δὲ
1129 1637 1214 1719 ἔθνη

258 1731 358 1805 στενά
372 1730 454 1805 ὅντα
472 1735 529 1802 καλ
544 1729 585 1802 οῦ
598 1728 727 1821 πολλὴν
747 1738 863 1820 ἔχοντα
881 1730 943 1821 τὴν
963 1729 1030 1802 ῦπὸ
1045 1728 1216 1823 Ῥωμαίοις

259 1846 339 1926 γῆν,
356 1834 447 1927 παρά
460 1843 620 1906 τοσοῦτον
633 1830 777 1925 ὁμόρους
790 1838 846 1905 καὶ
864 1842 1013 1925 γείτονας
1026 1852 1117 1907 ποιεί
1127 1844 1214 1925 Γερ-

259 1938 386 2029 μανοῦς
406 1937 612 2020 Ἰταλιώταις.
664 1941 859 2027 ἐπαγγέλλει
886 1936 928 2027 δὴ
955 1936 1047 2009 άιιωυ
1069 1940 1131 2030 μέν
1156 1943 1244 2013 καλε

223 2079 243 2121 15
254 2033 433 2132 ’ἀσχάλλων
452 2040 515 2133 τὴν
528 2046 659 2125 ἔξοδον·
682 2039 771 2131 πλὴν
784 2050 842 2132 τῆς
863 2040 1009 2132 άυάγιιης
1028 2040 1133 2114 αῦτδν
1153 2073 1216 2114 κα-

258 2148 398 2235 λοῦσης,
419 2146 611 2216 καταλιπών
630 2173 666 2215 τε
687 2146 832 2235 δύναμιν
853 2142 937 2236 όσηυ
961 2144 1109 2236 αὐτάρκη
1133 2144 1216 2240 ᾤετο

260 2250 404 2339 ῥύεσθαι
421 2248 479 2331 τάς
495 2246 663 2339 Ῥωμαίων
681 2246 801 2338 όχθας,
817 2250 858 2319 τά
876 2278 912 2320 τε
932 2250 1139 2341 στρατόπεδα
1159 2254 1217 2322 καὶ

260 2351 300 2422 τά
308 2353 457 2442 φροῦρια
467 2356 720 2442 ἐπιμελέστερον
731 2343 873 2440 τεῖχίσας
882 2355 938 2424 καὶ
947 2353 1124 2444 πληρώσας
1137 2358 1217 2423 ἔκα-

260 2478 320 2525 στα
346 2462 408 2525 τοῦ
432 2452 618 2546 ῶρισμένου
645 2463 807 2543 στρατοῦ,
835 2452 936 2538 αῦτδς
963 2459 997 2537 ές
1021 2456 1217 2544 Γερμανοὺς

222 2591 246 2631 υ
261 2556 417 2648 ἠπείγετο
426 2555 493 2647 ἅμα
506 2565 552 2653 τῷ
565 2566 670 2651 λοιπῷ
683 2558 816 2647 πλήθει.
869 2556 994 2638 άνῦσας
1007 2560 1045 2627 δὲ
1058 2557 1119 2646 τὴν
1134 2554 1216 2627 ὁδὸν
1232 2574 1249 2627 6

260 2661 342 2751 μετά
356 2670 480 2750 πολλῆς
499 2666 651 2751 σπουδῆςΙ
664 2662 782 2748 ἐπέστη
797 2675 869 2741 ταῖς
881 2667 942 2730 τοῦ
958 2657 1075 2749 Ῥήνου
1088 2657 1217 2748 όχθαις,

261 2768 318 2836 καλ
331 2763 372 2835 τὰ
385 2763 468 2854 πρὸς
482 2764 541 2835 τὸν
553 2761 764 2856 Γερμανικόν
784 2763 931 2853 πόλεμον
946 2763 1217 2854 παρεσκευάζετο,

262 2868 321 2939 τόν
334 2896 371 2938 τε
384 2866 533 2957 ποταμὸν
546 2871 648 2938 ναυσί
661 2866 898 2955 διελάμβανεν,
915 2856 964 2936 ῶν
980 2864 1062 2955 πρὸς
1076 2865 1219 2956 ἀλλήλας

262 2978 496 3041 συνδεθεισῶν
508 2975 752 3063 γεφυρώθέντα
766 2966 895 3059 εῦμαρη
909 2967 970 3060 τὴν
983 2971 1138 3059 διάβασιν
1151 2989 1221 3053 τοῖς

226 3100 249 3141 τε
264 3074 481 3165 στρατιώταις
502 3078 657 3164 παρέξειν
677 3072 768 3167 ᾤετο.
806 3076 954 3163 μέγιστοι
973 3072 1036 3165 γάρ
1064 3073 1105 3163 δη
1127 3059 1220 3146 οῦτοι

262 3186 423 3267 ποταμῶν
437 3175 497 3248 ὑπ’
519 3175 630 3271 άρκτρι
644 3181 774 3267 ῥέουσι,
794 3174 906 3266 Ῥηνός
920 3206 955 3247 τε
973 3179 1029 3248 καὶ
1043 3175 1180 3269 Ἴστρος,
1201 3176 1221 3249 δ

263 3283 325 3370 μέν
337 3279 535 3371 Γερμανοὺς
551 3278 570 3352 δ
584 3282 622 3351 δε
633 3289 782 3361 Παίονας
801 3288 1033 3371 παραμείβωυ·
1050 3289 1085 3351 οἳ
1095 3284 1221 3373 θέρους

263 3385 325 3473 μέν
338 3392 549 3475 ναυσίπορον
563 3391 676 3472 ἔχουσι
689 3381 726 3454 τὸ
746 3388 886 3475 ῥεῖθρον
906 3384 962 3453 διὰ
983 3384 1090 3474 βάθος
1109 3414 1145 3456 τε
1164 3388 1222 3455 καὶ

264 3488 401 3578 πλάτος,
416 3496 476 3559 τοῦ
490 3489 528 3558 δέ
540 3494 700 3576 χειμῶνος
709 3490 868 3574 παγέντες
883 3484 949 3557 ὑπὸ
967 3496 1027 3557 τοῦ
1042 3488 1168 3580 κρῦους
1183 3492 1221 3557 έν

229 3624 251 3667 ι.
266 3598 387 3663 πεδίου
404 3592 543 3682 σχήματι
557 3590 834 3660 καθιππεῦονται.
881 3588 1061 3672 Ιιἰντιτυπές
1081 3593 1119 3661 δὲ
1131 3588 1219 3661 οῦτοι
1236 3608 1253 3665 7

266 3697 324 3764 καὶ
340 3694 483 3787 στερρὸν
505 3703 633 3784 γίνεται
652 3693 690 3764 τό
710 3719 791 3762 ποτε
814 3696 954 3783 ῥείθρου
982 3690 1026 3775 ῶς
1047 3691 1092 3782 μὴ
1117 3692 1222 3781 μόνον

268 3803 381 3869 ἵππων
405 3796 523 3881 fiam
541 3802 597 3870 καί
610 3798 717 3880 ,ποσὶν
739 3792 934 3887 ἀνθρώπων
959 3794 1137 3884 όιυτέηειν,
1152 3790 1245 3861 ἄλλο
