3134 4367
372 398 390 461 8
761 402 940 464 ΠΡΩΤΟΝ

369 571 411 644 τὰ
423 574 577 663 μέγιστα,
591 570 678 645 οὕτω
691 602 727 645 τε
748 573 857 665 μόνως
871 572 982 645 ἀίδιον
995 571 1101 664 αὐτὴν
1114 581 1247 663 ποιησαι
1262 581 1323 645 δυ-

372 673 545 768 νησεσθε.”

341 801 357 855 7
472 784 616 849 τοσαῦτα
630 779 767 850 εἰπόντα
778 778 838 849 τόν
850 779 997 871 Μάρκον
1013 783 1215 851 ἐπιπεσοῦσα
1229 789 1324 849 λιπο-

370 892 479 974 θυμία
493 894 724 971 κατεσίγασεν·
738 879 805 953 ὑπὸ
820 884 857 953 δὲ
869 880 1049 963 ἀσθενείας
1061 911 1097 953 τε
1110 886 1166 953 καί
1180 881 1325 973 ἀθυμίας

371 979 473 1068 αὖθις
485 984 652 1071 ὑπτίαζεν.
677 985 786 1068 οἶκτος
798 986 836 1057 δέ
850 986 975 1068 πάντας
988 985 1153 1077 ἐλάμβανε
1165 984 1244 1068 τοὺς
1257 1012 1320 1056 πα·
1341 1006 1354 1047 ῡ

370 1092 500 1183 ρόντας,
510 1087 554 1172 ὡς
567 1096 633 1180 μηδ
635 1090 650 1159 ὲ
663 1090 886 1179 κατασχόντας
899 1086 1013 1161 αὐτῶν
1025 1088 1118 1174 τινας
1131 1094 1165 1171 ἐς
1177 1088 1325 1179 οἰμωγὴν

371 1193 566 1284 όναβοησαι.

472 1295 491 1367 ὃ
503 1298 565 1386 μὲν
578 1286 641 1365 οὖν
654 1295 774 1377 νυκτός
787 1323 823 1366 τε
837 1290 1033 1387 καίν’γμέρας
1051 1295 1231 1385 ἐπιβιώσας
1250 1300 1325 1382 μιᾶς

324 1404 374 1483 ’ςςῖς
387 1398 615 1486 νἰνεπαόσατο,
637 1399 747 1469 πόθον
760 1427 797 1469 τε
809 1415 878 1480 τοϊς
898 1398 979 1470 καθ’
1002 1395 1106 1470 αὑτὸν
1131 1396 1324 1490 ἀνθρώποις

320 1499 618 1593 ι’ῗέαέγκαταλιποδν
630 1500 748 1595 ἀρετῆς
761 1530 798 1573 τε
817 1501 927 1574 ιἰίδιον
940 1503 1073 1593 μνήμην
1086 1506 1119 1585 ἐς
1131 1502 1190 1574 τόν
1208 1501 1320 1591 ἐσόμε-
1343 1525 1367 1565 1⁰

344 1612 434 1678 θνον
447 1614 564 1677 αίῶνα.
614 1607 872 1698 τελευτησαντος
888 1606 926 1677 δὲ
938 1607 1101 1698 Μάρκου,
1125 1604 1240 1696 ἐπειδὴ
1254 1611 1322 1676 διε-

371 1719 531 1801 φοίτησεν
544 1706 565 1800 ἡ
579 1709 688 1801 φήμη,
703 1716 771 1781 πᾶν
784 1738 820 1781 τε
833 1709 871 1780 τό
885 1708 994 1801 παρόν
1013 1708 1249 1801 στρατιωτικόν
1267 1714 1324 1779 καὶ

369 1813 407 1884 τδ
428 1820 580 1905 δημοῖδες
599 1821 728 1904 πλῆθος
747 1809 868 1903 ὁμοίως
895 1817 1016 1886 πένθει
1041 1823 1225 1904 κατείχετο,
1244 1810 1328 1883 οὐδέ

369 1946 419 1998 τις
438 1910 482 2006 ἦν
502 1915 695 2008 ἀνθρώπων
714 1922 782 1987 τῶν
808 1913 875 1988 ὑπό
898 1916 960 2008 τὴν
976 1914 1146 2007 Ῥωμαίων
1163 1915 1267 2007 ἀρχὴν
1288 1911 1324 1997 ὃς

370 2017 533 2108 ἀδακρυτὶ
542 2020 700 2110 τοιαότην
708 2017 868 2109 ἀγγελίαν
876 2022 1014 2109 ἐδέχετο·
1030 2021 1151 2102 πάντες
1162 2018 1193 2090 δ’
1211 2018 1322 2109 ὥσπερ
1341 2045 1366 2085 15

369 2127 406 2193 ἐκ
420 2129 496 2213 μιᾶς
509 2129 635 2214 φωνῆς,
649 2131 683 2193 οἳ
694 2123 756 2213 μὲν
769 2125 895 2213 πατέρα
914 2123 1072 2213 χρηστόν,
1087 2132 1121 2194 οἳ
1142 2121 1172 2193 δ’
1193 2119 1325 2211 ἀγαθὸν

369 2228 523 2315 βασιλέα,
550 2243 709 2316 γενναῖον
734 2226 772 2296 δέ
792 2229 898 2317 ἕτεροι
924 2226 1126 2317 στρατηγόν,
1147 2233 1180 2297 οἳ
1200 2227 1237 2297 δέ
1256 2226 1322 2296 σοί·
1360 2246 1363 2252 ·

369 2358 479 2421 φρονα
505 2333 563 2400 καὶ
593 2330 732 2419 κόσμιον
751 2327 895 2420 όίρχοντα
914 2326 1116 2418 ἀνεκάλουν,
1130 2332 1187 2399 καὶ
1212 2327 1324 2411 οὐδεὶς

370 2433 540 2517 ἐψεύδετο.

335 2536 354 2595 5
472 2534 597 2625 ὀλίγων
616 2534 655 2606 δὲ
673 2540 885 2608 διελθουσῶν
904 2532 1054 2627 ἡμερῶν,
1076 2538 1113 2606 ἐν
1133 2532 1226 2616 ὅσαις
1244 2537 1322 2625 περὶ
1339 2570 1366 2609 νο

368 2639 431 2731 τὴν
442 2647 582 2731 κηδείαν
600 2642 662 2710 τοῦ
678 2638 802 2731 πατρὸς
814 2638 873 2711 τὸν
886 2639 963 2711 υίδν
981 2637 1209 2729 ιἰπησχόλονν,
1230 2643 1322 2723 ἔδοξε

330 2795 333 2801 ,
368 2760 437 2825 τοῖς
450 2753 560 2833 φίλοις
573 2760 779 2834 προαγαγεῖν
792 2743 829 2816 τό
842 2745 1016 2834 μειριίκιον
1029 2747 1062 2826 ἐς
1084 2740 1121 2813 τό
1140 2743 1320 2832 στρατόπε-

370 2852 448 2932 δον,
463 2842 507 2927 ὦς
521 2842 564 2917 ἂν
577 2852 770 2937 διαλεχθείη
784 2876 820 2919 τε
833 2865 902 2929 τοῖς
916 2847 1146 2938 στρατιώταις,
1165 2849 1222 2916 καί
1240 2848 1320 2937 χρή-

369 2977 455 3037 ματα
469 2948 719 3040 δωρησάμενος,
734 2946 779 3030 ὣς
793 2958 871 3032 ἔθος
885 2953 953 3021 ἐστί
966 2966 1034 3031 τοῖς
1053 2957 1228 3039 βασιλείαν
1247 2957 1320 3021 δια-

370 3054 574 3140 δεχομένοις,
608 3051 836 3141 μεγαλόφρονι
869 3053 1016 3124 ἐπιδόσει
1048 3053 1258 3144 οίκειοίσηται
1282 3053 1320 3125 τὸ
1337 3084 1364 3125 νο

339 3154 568 3246 ίστροίτευμα.
620 3158 837 3247 παρηγγέλθη
854 3185 890 3227 τε
913 3154 954 3248 δὴ
973 3162 1075 3227 πόσιν
1096 3160 1212 3228 ἐλθεῖν
1230 3159 1264 3237 ἐς
1284 3156 1322 3227 τδ

370 3256 492 3339 είωθδς
505 3264 624 3330 πεδίον
636 3256 760 3340 αὐτους
778 3255 1016 3350 ὑποδέχεσθαι.
1047 3257 1226 3350 προελθών
1246 3260 1284 3329 δὲ
1303 3258 1322 3330 ό

369 3361 545 3452 Κόμμοδος
557 3362 615 3444 τάς
628 3391 664 3434 τε
676 3371 868 3452 βασιλείους
880 3371 1003 3445 θνσίας
1019 3367 1176 3449 ἐπετέλει,
1188 3364 1245 3431 καὶ
1257 3363 1319 3453 βή-

368 3494 468 3558 ματος
481 3462 572 3559 αότῷ
587 3470 619 3549 ἐς
632 3463 716 3551 ὕφος
730 3464 893 3557 ἀρθέντος
906 3470 944 3538 ἐν
952 3471 1041 3563 μέσφ
1055 3474 1102 3563 τῷ
1109 3468 1320 3560 στρατοπέδῳ

368 3567 525 3642 ἆνελθοδν
537 3568 592 3639 ἐπ’
608 3568 705 3657 αὐτό,
726 3573 782 3641 καί
802 3572 1082 3665 περιστησάμενος
1094 3568 1171 3650 τούς
1184 3570 1317 3665 πατρῴ·
1336 3607 1363 3649 ³⁰

368 3702 427 3755 ους
452 3681 572 3764 φίλους
598 3677 729 3759 (πολλοὶ
758 3675 796 3746 δὲ
822 3677 879 3745 καί
898 3676 1006 3765 λόγιοι
1028 3679 1181 3763 παρῆσαν
1201 3669 1319 3767 αὐτῷ),

218 3805 258 3887 ἱ
359 3777 590 3854 memmae.
