3134 4367
555 446 831 532 Συεευωευεου,
849 447 886 499 M.
904 447 966 499 MA.
1198 448 1239 510 55

281 617 433 711 άσφαλὴς
454 627 567 708 μέντοι
589 621 645 691 καί
662 619 708 712 μὴ
729 612 830 711 ἦττον
843 617 1047 713 άπροόρατος
1060 628 1129 693 των
1141 632 1237 694 πολι·
1248 649 1297 701 117
1348 693 1355 702 ,

280 727 497 815 ορκουμένων
518 731 617 793 ἔστω·
635 723 673 794 τό
690 723 754 814 γάρ
778 722 1097 815 ἐπιβουλευόμενον,
1123 724 1172 798 ὅτ’
1194 724 1238 798 ἄν

279 823 315 896 οἷ
325 834 433 898 κακοῦ
445 827 603 916 τυγχάνει
616 821 798 918 γιγνώσκῃ,
808 846 904 918 τηρεῖ
909 821 1037 918 μᾶλλον
1049 826 1087 899 τό
1100 833 1236 919 ἐπιβου-

278 936 396 1001 λεῦον·
416 926 480 1002 2..ό
494 932 557 1019 μὲν
567 929 631 1021 γάρ
640 935 701 1015 ἔξω
709 931 874 1002 κινδύνου
889 938 999 1003 δοκῶν
1008 927 1252 1024 είναιιτράττειι

277 1061 310 1102 τι
322 1040 391 1104 τεόν
404 1037 651 1125 προκειμένων,
665 1031 761 1106 ὁπότ’
775 1031 819 1106 άν
832 1034 922 1131 αὐτῷ
937 1036 1026 1127 δόξῃ,
1038 1032 1056 1107 ό
1071 1033 1106 1106 δ’
1122 1041 1159 1107 ἐν
1175 1032 1237 1106 αό-

276 1142 324 1229 τῷ
338 1144 393 1231 τῷ,
399 1137 616 1208 κινδυνεύειν
628 1133 791 1228 ὑπάρχων
805 1149 895 1227 ζητεῖ
907 1140 1043 1229 φθάσας
1061 1143 1185 1231 δρᾶσαί
1194 1166 1239 1226 τι,

278 1237 372 1311 ὁπότ’
397 1238 441 1312 άν
452 1240 571 1331 καιρόν
584 1241 688 1332 λάβῃ·
711 1240 765 1313 διό
775 1241 839 1333 χρὴ
853 1241 912 1313 τόν
925 1248 1168 1335 πολιορκοῦντα
1181 1244 1238 1314 καί

276 1343 396 1439 τάφρῳ
417 1348 473 1415 καί
495 1344 615 1435 χάρακι
634 1347 692 1417 καὶ
714 1354 882 1435 φυλακαῖς
896 1346 933 1416 τό
949 1355 1038 1428 ίδιον
1058 1343 1236 1435 άσφαλίζε-

276 1458 361 1517 σθαι
370 1448 605 1537 στρατόπεδον.
619 1458 649 1519 3.
657 1447 784 1539 καὶγὰρ
793 1450 1166 1540 οίμὲνπολιορκοόντες,
1179 1447 1199 1520 ό
1206 1475 1238 1519 τι

275 1547 321 1620 άυ
334 1554 480 1639 μέλλωσι
500 1548 674 1643 πράττειν,
696 1546 841 1642 ὁρῶνται
862 1569 930 1634 τοῖς
943 1552 1009 1640 άπό
1019 1559 1083 1625 τοῦ
1096 1562 1237 1643 τείχους,

276 1660 312 1725 οί
322 1655 361 1757 δὲ
372 1655 651 1745 πολιορκούμενοι
665 1655 843 1745 πρόβλημα
859 1654 896 1725 τό
909 1673 1015 1744 τεῖχος
1033 1662 1165 1745 ἔχοντες
1177 1653 1236 1725 άό-

275 1785 372 1846 ρατοι
400 1758 560 1839 πολλάκις
585 1759 787 1847 ἐκχυθέντες
813 1756 870 1829 διά
896 1765 1014 1831 πυλῶν
1039 1757 1062 1850 ἦ
1090 1756 1237 1850 μηχανάς
1247 1778 1296 1832 118

276 1864 465 1950 ἐνέπρησαν
495 1858 519 1950 ἦ
545 1860 747 1952 στρατιώτας
764 1861 955 1951 ἐφόνευσαν
985 1861 1024 1954 ἦ,
1049 1861 1068 1934 ό
1093 1891 1126 1934 τι
1153 1860 1237 1933 κατὰ

275 1964 388 2053 χεῖράς
401 1984 520 2055 σφισιν
536 1976 609 2055 είη,
623 1962 715 2035 τοῦτ’
724 1967 901 2055 Ιἐποίησαν.
1135 1972 1136 1975 ’

572 2285 840 2358 ΚΕΦΑΔΑΙΟΝ
866 2290 942 2357 MA.

293 2436 397 2496 [ΠΕΡΙ
414 2433 493 2488 σου
508 2436 624 2487 mm
639 2435 812 2486 ΕΝΕΔΡΑΣ
830 2435 905 2487 νον
921 2406 1225 2487 ΠολεοΡΚουαυε

584 2519 662 2572 Πεο
681 2518 759 2573 σου
773 2520 932 2579 mmm

328 2675 504 2748 1.Ἤκιστα
516 2674 551 2747 δ’
565 2672 610 2747 άν
624 2680 722 2748 τοότο
732 2676 949 2767 τολμήσαιεν,
969 2683 1000 2746 εί
1011 2672 1101 2768 παρά
1115 2674 1237 2759 στάλαις

274 2783 330 2851 καὶ
351 2787 467 2851 πυλίσι
487 2775 621 2871 μικραῖς
639 2779 760 2868 λόχους
786 2776 803 2850 ό
831 2783 1020 2870 πολιορκῶν
1044 2784 1236 2870 προκαθίσχγ

274 2882 456 2973 στρατηγός
473 2882 552 2965 τούς
570 2881 630 2964 τὰς
648 2889 842 2972 αἰφνιδίους
862 2879 1025 2971 ἐκδρομὰς
1046 2887 1114 2958 τόν
1135 2892 1235 2953 πολε-

273 2994 362 3077 μίων
374 2984 665 3074 άποκωλύσουτας,
678 2988 752 3057 ’έπεὶ
763 2983 828 3058 κάν
841 2985 999 3067 πολλάκις
1013 2985 1153 3057 λάθοιεν
1162 2989 1233 3056 έπι-

273 3090 412 3177 θέμενοι
430 3105 499 3171 τοῖς
519 3090 621 3170 ἐκτός.
648 3099 679 3161 2.
694 3088 848 3180 χρήσιμοι
869 3089 907 3160 δὲ
923 3086 964 3158 τά
978 3087 1085 3159 πολλὰ
1099 3089 1234 3179 νύκτωρ
1268 3081 1273 3095 ’

231 3272 238 3288 ·
272 3208 343 3273 τοῖς
361 3199 601 3283 πολιορκοῦσιν
620 3199 658 3263 αί
673 3199 875 3284 προσβολαί·
898 3206 966 3273 τοῖς
985 3190 1049 3282 γὰρ
1070 3196 1170 3263 ἔνδον
1189 3188 1231 3261 οό

275 3298 476 3384 δυναμένοις
496 3293 580 3384 ὁρᾶν
598 3294 638 3366 τὰ
660 3296 843 3387 γιγνόμενα
864 3294 920 3365 διά
938 3293 975 3366 τὸ
996 3294 1112 3377 σκότος
1126 3296 1236 3366 δεινό-

272 3427 355 3489 τερα
377 3403 473 3468 δοκεϊ
490 3397 530 3468 τά
550 3398 779 3490 πραττόμενα,
799 3400 856 3469 καί
869 3395 932 3487 τὴν
947 3396 1117 3488 πρόληψιν
1129 3396 1234 3487 άναγ-

274 3503 432 3589 κάζονται
469 3503 705 3591 χαλεπωτέραν
741 3511 830 3591 ἔχειν
858 3506 928 3571 τῶν
963 3500 1037 3571 κατ’
1070 3498 1236 3591 άλήθειαν

275 3607 549 3698 ἐνεργουμένων,
569 3603 655 3676 ὅθεν
669 3611 813 3694 ταραχαί
823 3606 927 3696 τεκαὶ
940 3604 1085 3695 θόρυβοι
1098 3610 1236 3690 γίγνου-

275 3707 482 3792 ταιοάδενός
494 3710 694 3802 δυναμένου
715 3722 915 3804 σωφρονεῖν
940 3710 977 3779 ἒν
998 3721 1076 3781 τοῖς
1088 3699 1284 3769 mmm&

258 3804 349 3877 α’λλά
364 3814 424 3883 καί
442 3815 567 3891 πολλὰ
580 3824 660 3894 τοῖν
680 3814 726 3895 οὗ
748 3816 956 3915 δρωμένων
983 3805 1037 3889 ὣς
1058 3806 1231 3891 YWWW
1246 3792 1312 3845 η’
