3134 4367
350 416 409 477 110
714 418 932 479 ΤΕΤΑΡΙὈΝ

254 687 256 694 Ι
348 586 533 675 λεξάμενος.
561 586 720 669 πολλάκις
734 588 771 659 δέ
783 590 841 658 καλ
857 585 919 676 τήν
934 585 1117 677 Ῥωμαϊκήν
1131 584 1300 676 άποθέμε-

348 719 406 772 νος
419 690 571 779 χλαμύδα
583 687 791 779 ἠμφιέννυτο
804 690 845 760 τά
856 699 1040 782 Γερμανῶν
1059 690 1300 780 περιβλήματα,

347 802 386 864 ἐν
400 822 436 864 τε
448 792 612 883 χλαμύσιν
625 790 678 876 αἷς
691 794 862 881 είῶθασιν,
873 792 1009 888 άργύρφ
1020 795 1301 882 πεποικιλμέναις,

348 899 490 987 ἑωρᾶτο·
505 897 609 985 κόμας
622 924 658 967 τε
670 905 710 987 τῇ
724 904 853 987 κεφαλή
867 900 1039 970 ἐπετίθετο
1057 895 1184 981 ξανθὰς
1197 899 1255 965 καὶ
1269 899 1302 977 ἐς

316 1016 333 1069 4
348 998 476 1088 κουράν
488 1000 550 1089 τήν
564 1007 748 1088 Γερμανῶν
765 998 961 1090 ήσκημένας.
1012 1002 1144 1081 τούτοις
1165 999 1207 1087 δή
1227 1007 1329 1087 χαί-5

254 1180 259 1193 ,
347 1131 462 1191 ροντες
475 1108 510 1173 οί
523 1103 687 1192 βάρβαροι
705 1101 931 1192 ὑπερηγάπων
947 1100 1061 1175 αὐτόν.
1114 1110 1251 1191 ἔχαιρον
1264 1103 1302 1172 δὲ

346 1203 438 1299 αὐτῷ
460 1207 517 1275 καὶ
531 1211 566 1274 οί
579 1202 748 1295 Ῥωμαίων
767 1215 979 1295 στρατιῶται,
1000 1206 1140 1296 μάλιστα
1158 1206 1221 1295 μέν
1245 1204 1301 1275 διὰ

345 1307 404 1390 τάς
417 1315 485 1378 τῶν
499 1309 676 1397 χρημάτων
695 1310 875 1397 ἐπιδόσεις,
896 1306 948 1391 αἶς
967 1307 1114 1397 ἀφειδῶς
1133 1311 1301 1398 προσεφέ-

346 1440 423 1497 ρετο
436 1408 567 1499 αὐτοῖς,
582 1409 633 1482 ὅτι
646 1420 763 1483 τεπᾶν
777 1409 822 1493 ῶς
834 1413 1034 1503 στρατιώτης
1048 1422 1219 1503 ἔπραττεν,
1236 1424 1301 1483 εῖτε

346 1512 478 1607 δρυγμά
493 1543 525 1583 τι
539 1511 693 1604 ὀρύττειν
708 1522 793 1605 ἔδει,
813 1517 968 1587 σκάπτων
978 1525 1130 1606 πρῶτος,
1149 1526 1216 1585 εῖτε
1231 1520 1301 1606 δεῖ·
1319 1524 1341 1563 ¹⁰

348 1628 435 1707 θρον
449 1626 645 1707 γεφυρῶσαι
657 1614 679 1708 ή
692 1620 800 1707 βάθος
812 1628 932 1707 χῶσαι·
951 1618 1072 1689 πάνθ’
1095 1616 1114 1689 δ
1134 1626 1260 1707 χειρῶν
1280 1615 1302 1708 ή

317 1743 334 1794 5
348 1721 497 1810 καμάτου
510 1723 657 1811 σώματος
671 1731 785 1812 ἔργον,
801 1730 930 1811 πρῶτος
943 1724 1117 1811 εἰργάζετο.
1138 1722 1302 1812 τράπεζάν

286 1866 289 1870 «
345 1852 381 1893 τε
402 1821 518 1913 εὐτελῆ
538 1833 755 1914 παρετίθετο,
777 1823 854 1896 ἐσθ’
870 1823 936 1917 ὅπη
954 1829 1011 1895 καὶ
1024 1830 1171 1910 ξυλίνοις
1191 1829 1225 1907 ἐς
1238 1854 1301 1897 πο-

344 1925 403 1997 τὸν
417 1929 473 1995 καὶ
487 1930 647 2016 ἐδέσματα
665 1929 833 2017 χρῶμευος
846 1929 1010 1999 σκεύεσιν.
1031 1927 1132 2018 άρτον
1145 1957 1181 1998 τε
1196 1950 1302 2018 προσ-

346 2032 483 2118 εφέρετο
508 2028 738 2118 αὐτοσχέδιον·
771 2046 865 2100 σῖτον
890 2029 952 2120 γάρ
975 2029 1094 2114 άλέσας
1114 2039 1155 2124 τῇ
1177 2035 1301 2103 ἑαυτοῦ
1318 2046 1339 2087 ¹⁵

346 2139 448 2222 χειρί,
463 2127 483 2201 δ
500 2130 597 2232 ήρκει
616 2134 724 2226 μόνφ,
745 2134 850 2222 μάζάν
868 2163 904 2205 τε
927 2136 1065 2223 ποιήσας
1085 2137 1142 2206 καὶ
1163 2133 1217 2205 ἐπ’
1240 2134 1302 2206 άν-

315 2262 332 2315 6
346 2235 485 2323 θράκων
498 2233 642 2326 ὀπτήσας
658 2241 804 2307 ἐσιτεῖτο.
856 2240 911 2307 καλ
926 2238 1060 2309 πάντων
1074 2240 1136 2328 μὲν
1155 2247 1225 2308 τῶν
1238 2266 1301 2309 πο-

346 2346 495 2408 λυτελῶν
508 2335 676 2428 άπείχετο·
694 2337 756 2410 ὅσα
770 2340 808 2410 δὲ
822 2338 1035 2411 εὐτελέστατα
1048 2344 1186 2423 καὶτοῖς
1200 2369 1300 2412 πενε-

345 2442 474 2523 στάτοις
486 2449 554 2513 τῶν
563 2451 773 2533 στρατιωτῶν
788 2441 932 2533 εὐμαρῆ,
946 2445 1076 2526 τούτοις
1088 2450 1217 2535 ἐχρῆτο.
1237 2469 1300 2515 συ-

345 2544 544 2636 στρατιῶτης
559 2574 594 2616 τε
608 2543 665 2617 ὑπ’
682 2543 796 2617 αὐτῶν
809 2556 935 2636 μᾶλλον
955 2542 977 2636 ή
996 2547 1153 2636 βασιλεύς
1172 2548 1298 2618 καλού·
1314 2566 1339 2606 ‘2⁰

344 2639 444 2738 μενος
469 2657 599 2739 χαίρειν
625 2668 864 2739 προσεποιεῖτο.
896 2649 937 2721 τά
963 2652 1098 2723 πλεῖστά
1123 2678 1158 2720 τε
1185 2649 1300 2731 αὐτοῖς

345 2753 518 2823 συνῶδευε
531 2762 733 2843 περιπατῶν,
743 2762 891 2837 σπανίως
904 2751 1064 2842 ὀχήματος
1077 2750 1098 2844 ή
1112 2760 1216 2824 ἵππου
1227 2758 1300 2823 ἐπι-

314 2863 492 2944 ηβαίυωυ,
511 2856 552 2924 τά
572 2883 607 2926 τε
626 2850 713 2926 ὅπλα
735 2858 906 2946 βαστάζων
931 2861 1047 2950 ἑαυτῷ.
1100 2864 1169 2927 ἐστι
1189 2855 1222 2928 δ’
1245 2854 1300 2926 ὅτε

344 2960 399 3028 καλ
413 2956 453 3027 τδι
466 2964 534 3026 τῶν
552 2962 784 3046 στρατοπέδων
806 2961 972 3048 σύμβολα,
988 2961 1127 3050 ἐπιμήκη
1147 2956 1229 3029 ὄντα
1244 2962 1301 3029 καὶ

343 3076 478 3149 χρυσοῖς
491 3056 683 3148 άναθήμασι
696 3071 830 3143 πολλοῖς
850 3066 1094 3152 κεκοσμημένα,
1115 3062 1210 3152 μόλις
1230 3059 1295 3133 ὐπὸ
1312 3084 1336 3125 2⁶

344 3171 411 3232 τῶν
425 3163 668 3252 γενναιοτάτων
681 3174 891 3255 στρατιωτῶν
905 3167 1074 3255 φερόμενα
1089 3168 1218 3247 ἐπιθεὶς
1232 3183 1300 3247 τοῖς

345 3261 447 3353 ῶμοις
466 3273 588 3354 ἔφερεν
608 3264 720 3349 αὐτός.
763 3266 820 3338 διὰ
839 3267 880 3357 δή
906 3276 1011 3339 ταῦτα
1028 3272 1084 3339 καλ
1110 3268 1150 3339 τά
1169 3268 1299 3350 τούτοις

345 3366 443 3456 ὅμοια
463 3365 507 3450 ῶς
528 3370 762 3459 στρατιωτικὸς
783 3368 845 3441 ὑπ’
871 3368 984 3443 αὐτῶν
1007 3377 1151 3461 ἐφιλεῖτο
1173 3374 1231 3442 καὶ
1255 3368 1298 3452 ῶς

343 3488 496 3561 γενναῖος
510 3475 729 3563 ἐθαυμάζετο·
744 3474 878 3565 καὶγὰρ
900 3465 944 3565 ήν
962 3477 1134 3566 θαύματος
1154 3473 1249 3559 άξιον
1262 3479 1297 3545 ἐν

343 3582 450 3669 μικρῷ
462 3574 552 3646 πάνυ
562 3575 598 3646 τὸ
606 3580 752 3667 μέγεθος
761 3577 886 3669 σῶματι
896 3588 1061 3669 γενναίων
1072 3579 1187 3649 πόνων
1196 3576 1294 3667 άσκη
1310 3607 1333 3647 ω

342 3701 394 3762 σις
408 3679 559 3768 τοσαύτη.

270 3861 278 3876 „
302 3778 327 3834 <9
436 3784 512 3855 ἐπεὶ
525 3782 565 3856 δέ
580 3782 621 3855 τά
634 3783 724 3879 παρὰ
738 3794 784 3883 τῷ
793 3779 909 3880 Ἴστρῳ
922 3784 1127 3876 στρατόπεδα
1141 3782 1294 3879 διῴκησε,
