3134 4367
519 462 794 528 ΣΤΡΑΤΗΠΚοΣ,
812 462 878 527 τω,
896 458 930 530 γ’.
1171 464 1212 527 57

700 699 704 714 .
721 665 761 725 γ.

342 785 444 845 [nm
460 773 1123 848 ΠοωοΡαΗνΗΡωεΝΜΗΧΑΝΗιωΤαΝα

305 933 334 995 3.
357 930 501 995 Πολλῶν
536 925 574 997 δέ
607 928 663 996 καί
698 934 860 997 ποικίλων
895 923 934 996 έκ
959 931 1027 996 τῶν
1055 932 1214 1015 μηχανῶν

252 1037 541 1119 πολιορκητηρίων
558 1029 715 1119 χρήσεται
731 1028 815 1101 κατα
830 1028 977 1119 δύναμιν
990 1026 1008 1099 ὁ
1021 1029 1213 1120 στρατηγός.

222 1221 231 1232 ¹
253 1127 294 1204 ού
306 1131 371 1223 γάρ
385 1131 440 1202 ἐπ’
455 1134 526 1221 ἐμοὶ
540 1130 577 1202 τό
591 1136 720 1221 λέγειν,
740 1131 793 1204 ὅτι
807 1139 862 1205 δεῖ
872 1132 988 1222 κριούς
1002 1128 1126 1223 Ιἔχεινή
1142 1136 1212 1204 ἑλε-

252 1235 366 1316 πόλεις
379 1230 400 1324 ή
417 1230 624 1326 σαμβύκαςή
639 1235 790 1326 πύργους
802 1234 1010 1325 ύποτρόχονς
1031 1232 1052 1326 ή
1067 1236 1216 1324 χελῶνας

250 1345 437 1429 χωστρίδας
453 1335 475 1430 ή
491 1342 713 1421 καταπέλτας·
732 1345 790 1431 τής
802 1339 868 1431 γάρ
888 1346 957 1410 τῶν
977 1339 1216 1428 πολεμούντων

251 1441 353 1532 τύχης
366 1446 422 1513 καὶ
436 1442 584 1514 πλούτου
603 1442 850 1533 καὶδυνάμεως
869 1449 940 1515 ίδια
956 1448 1062 1514 ταῦτα
1080 1446 1137 1515 καὶ
1158 1448 1216 1533 τής

251 1543 1217 1636 τῶνὲπομένωνάρχιτεκτόνωνέπινοίαςείςτάςόργανικάς

252 1649 471 1738 κατασκευάς.
486 1661 515 1720 4.
523 1647 752 1739 στρατηγούδ’
763 1657 852 1732 ἰδίας
858 1648 1029 1740 άγχινοίας
1036 1657 1137 1739 ἔργον
1146 1677 1215 1720 τοι-

251 1750 327 1823 όνδ’
348 1749 392 1824 άν
406 1764 475 1843 είη,
499 1759 530 1822 εί
542 1754 696 1842 βούλοιτο
710 1754 936 1845 προσβάλλειν
949 1754 1114 1843 μηχανάς·
1131 1751 1214 1825 καθ’

253 1855 571 1947 ένμένάποχρήσδω
578 1858 872 1949 μέροςτοίςέργοις
882 1854 1141 1939 αύτοίς-ούδδ
1150 1855 1215 1948 γάρ
1226 1872 1273 1925 121

251 1958 362 2041 άλλως
378 1958 421 2030 άν
433 1987 483 2041 τις
498 1956 716 2051 εὐπορήσειεν
734 1965 772 2032 έν
793 1962 908 2056 κύκλῳ
926 1962 1028 2031 παντὶ
1046 1964 1093 2056 τῷ
1113 1968 1216 2050 τείχει

252 2070 448 2153 περιστῆσαι
462 2063 621 2154 μηχανάς,
630 2070 663 2135 εί
666 2062 712 2155 μή
719 2063 811 2136 πάνυ
818 2062 920 2156 μικρά
928 2064 1025 2146 πόλις
1039 2076 1091 2154 είη
1101 2070 1218 2151 -,είς

253 2164 417 2238 πολλὰδὲ
437 2168 587 2258 τάγματα
606 2167 729 2240 διελῶν
742 2166 779 2238 τό
799 2168 989 2259 στράτευμα
1009 2167 1094 2239 κατὰ
1112 2166 1218 2240 τάλλα

252 2275 314 2341 τού
327 2276 456 2358 τείχους
468 2272 552 2359 μέρη
566 2273 730 2341 κελευέτω
745 2269 803 2353 τάς
817 2275 980 2360 κλίμακας
992 2272 1215 2360 προσφέρειν·

254 2370 361 2455 οὕτως
380 2371 446 2463 γαρ
468 2379 516 2454 είς
538 2369 728 2464 ἀμηχανίαν
749 2379 785 2444 οί
801 2371 1079 2464 πολιορκούμενοι
1091 2372 1220 2464 πολλήν

254 2480 493 2567 ἐμπίπτουσιν·
513 2487 553 2547 ¹5.
574 2474 618 2547 άν
636 2504 674 2547 τε
692 2473 757 2566 γάρ
776 2474 1002 2567 ἀμελήσαντες
1023 2480 1092 2547 τῶν
1105 2473 1219 2547 άλλων
1242 2521 1249 2530 κ

252 2586 367 2671 μερῶν
391 2586 453 2652 τοῦ
476 2586 606 2667 τείχους
625 2582 681 2652 έπλ
698 2579 760 2663 Ιτάς
773 2578 963 2672 προσβολάς
977 2584 1046 2649 τῶν
1059 2583 1219 2670 μηχανῶν

253 2681 447 2775 άμύυωσιυ,
473 2681 620 2764 άπαντες
647 2688 683 2755 οί
706 2681 792 2754 κατά
811 2682 870 2765 τάς
893 2689 1055 2771 κλίμακας
1074 2680 1220 2772 μηδενός

253 2784 509 2869 άποκωλύοντος
534 2791 660 2880 ῥαδίως
685 2789 896 2876 ἐπιβαίνουσι
922 2790 991 2856 τῶν
1011 2792 1148 2875 τειχῶν,
1176 2784 1220 2857 ἄν

253 2918 291 2962 τε
305 2891 474 2973 διελόντες
494 2896 582 2980 σφάς
603 2887 726 2972 αύτούς
749 2888 1000 2980 έπιβοηδήσωσι
1019 2889 1104 2960 κατα
1122 2893 1219 2981 μέρη,

254 2995 482 3084 σφοδροτέρας
495 2997 666 3086 ἐνεργείας
679 2997 879 3083 γιγνομένης
898 2991 982 3063 κατά
1000 2990 1059 3075 τὰς
1078 2992 1221 3083 ἐμβολὰς

254 3103 324 3167 τῶν
339 3095 495 3186 ὀργάνων
507 3104 543 3169 οί
553 3100 839 3187 καταλειφθέντες
854 3093 936 3167 ούδδ
953 3093 1120 3185 μάχεσθαι
1140 3096 1218 3167 τού-

254 3227 324 3281 τοις
337 3208 354 3250 *
368 3198 617 3291 ἀδυνατήσουσι
627 3200 663 3271 τό
675 3201 921 3290 ἐπιφερόμενον
932 3197 1036 3270 κακὸν
1050 3197 1219 3291 ἀποκρού-

255 3316 365 3375 εσθαι.
388 3312 417 3375 6.
433 3302 550 3393 διόπερ
562 3309 718 3395 καθάπερ
732 3302 865 3393 άγαθδν
879 3301 1066 3393 παλαιστήυ
1079 3311 1219 3392 προδει-

253 3407 372 3480 κνύειν
400 3407 464 3496 μὲν
491 3410 548 3477 καλ
573 3409 721 3494 σκιάζειν
747 3414 796 3489 είς
817 3405 924 3477 πολλα
944 3406 1027 3496 μέρη
1051 3413 1105 3479 δεῖ
1125 3435 1218 3495 περικ

255 3517 392 3583 σπῶντα
412 3512 469 3580 καλ
483 3511 731 3600 έπισφάλλοντα
745 3517 848 3599 δεύρο
862 3508 997 3602 κᾴκεῖσε
1010 3511 1092 3600 πρδς
1113 3509 1220 3581 πόλλα

255 3614 334 3695 τούς
347 3613 567 3700 ἀντιπάλους,
582 3614 656 3696 ἑνός
670 3616 707 3685 δέ
726 3623 836 3704 ζητεῖν
850 3618 1021 3705 ἐγκρατῶς
1035 3614 1224 3699 λαδόρεοοο

252 3716 438 3810 άνατρέγαι
452 3717 489 3791 τό
503 3724 574 3794 πᾶν
588 3726 689 3815 σῶμα
700 3726 764 3814 τῆς
776 3719 928 3799 πόλεως.
