3134 4367
657 426 879 487 ΤΕΤΑΡΤΟΝ
1182 427 1241 488 107

289 599 390 690 φόνος
405 596 535 679 εὐθέως
549 595 730 681 άκουσθείς
743 606 935 689 μεμίσηται,
949 599 986 670 τό
1003 629 1038 670 τε
1052 600 1158 691 ὄνομα
1170 617 1242 684 ταῖς

288 702 402 785 άκοαῖς
416 699 483 791 άμα
496 709 542 794 τῷ
560 718 761 790 προσπεσεῖν
776 699 884 784 εύθύς
898 705 994 793 φέρει
1006 704 1153 794 χαλεπήν
1166 711 1241 776 δια-

289 808 401 896 βολήν.
426 822 495 887 τοῖς
508 806 569 894 μέν
582 804 646 893 γάρ
660 807 907 895 δυστυχήσασιν
921 814 1021 894 ἔλεος,
1032 824 1099 890 τοῖς
1111 809 1148 879 δὲ
1158 837 1241 897 κρα-

289 909 407 999 τήσασι
421 909 551 997 φθόνος
564 918 831 996 παρακολουθεῖ·
851 909 957 979 καὶτὸ
973 910 1035 999 μὲν
1047 907 1191 999 ἡττηθὲν
1204 916 1243 981 έν

267 1037 280 1078 ι
291 1029 357 1095 τοῖς
367 1014 531 1091 τοιούτοις
541 1009 741 1099 ἀδικεῖσθαι,
751 1009 790 1082 τὸ
804 1014 842 1083 δὲ
854 1020 995 1101 νικῆσαν
1004 1011 1133 1084 άδικεῖν
1142 1021 1243 1085 δωιεῖ.

289 1114 376 1205 πλήν
391 1126 426 1185 εί
435 1145 485 1196 τις
498 1113 587 1205 ὀρθή
600 1123 708 1205 κρίσει
722 1117 780 1185 καὶ
798 1114 843 1204 μή
857 1120 1008 1188 διαθέσει
1026 1125 1066 1208 τῇ
1085 1116 1168 1205 πρὸς
1186 1116 1245 1187 τὸν
1258 1126 1276 1180 3

289 1220 433 1289 πεσόντα
448 1218 484 1288 τὸ
499 1221 732 1306 πεπραγμένον
746 1226 923 1306 λογίζοιτο,
937 1221 999 1310 τήν
1010 1248 1045 1290 τε
1058 1227 1168 1290 αἰτίαν
1181 1218 1245 1290 αύ-

289 1330 349 1400 τού
376 1324 434 1391 καί
458 1319 519 1410 τήν
540 1317 707 1392 ύπόθεοιν
730 1323 885 1410 ἐξετάζοι,
906 1319 999 1413 εύροι
1023 1319 1065 1394 άν
1083 1321 1168 1413 ὁμού
1189 1326 1246 1392 καί

291 1422 433 1513 εὔλογον
449 1427 506 1495 καί
524 1421 708 1512 άναγκαῖον
721 1423 781 1494 τὸν
802 1429 964 1513 μέλλοντα
980 1435 1157 1497 πείσεσθαι
1175 1433 1246 1497 δει-

258 1555 278 1597 ιο
291 1527 354 1599 νδν
366 1525 562 1617 άμύνασθαι
574 1522 732 1615 μάλλονή
743 1524 938 1617 ὑπομεῖναι·
953 1536 993 1620 τή
1006 1531 1068 1618 μὲν
1081 1529 1145 1619 γάρ
1159 1549 1246 1618 συμ-

292 1639 382 1723 φορᾷ
391 1639 458 1707 ,τού
472 1631 630 1711 πεσόντος
642 1633 699 1700 καὶ
714 1627 896 1721 ἀνανδρίας
916 1631 1020 1720 ψόγος
1034 1642 1246 1722 παρακολου-

291 1731 399 1823 θεῖ,ὃ
419 1734 458 1804 δέ
477 1732 642 1824 κρατήσας
658 1729 725 1822 ἅμα
737 1741 783 1827 τῷ
798 1740 967 1804 σεσῶσθαι
988 1737 1045 1804 καὶ
1064 1736 1165 1818 δόξαν
1185 1732 1247 1806 ἆν-

293 1844 406 1927 δρείας
423 1835 641 1926 ἀπηνέγκατο.
692 1833 733 1905 τά
751 1837 814 1925 μὲν
834 1828 902 1936 οὖν
918 1833 1019 1924 άλλα,
1040 1835 1101 1908 ὅσα
1117 1836 1173 1907 διὰ
1185 1845 1277 1926 δη-4

293 1948 460 2030 λητηρίων
474 1940 660 2029 φαρμάκων
673 1942 730 2009 καὶ
748 1939 805 2010 διὰ
824 1941 931 2027 πόσης
949 1943 1086 2032 ἐνέδρας
1107 1941 1249 2031 ἐπεβού-

260 2048 394 2114 ισλενσέ
412 2072 485 2133 μοι,
505 2050 635 2113 ἔνεστιν
653 2039 735 2130 ύμῖν
752 2045 809 2112 καί
828 2042 885 2113 διὰ
906 2044 1063 2132 βασάνων
1082 2045 1250 2135 χωρήσασι

293 2158 431 2236 μαθεῖν·
445 2148 503 2216 καὶ
515 2144 579 2237 γάρ
593 2145 650 2216 διδι
662 2153 759 2216 τοῦτο
772 2143 852 2228 τούς
872 2150 1005 2216 ἐκείνου
1019 2150 1056 2217 έν
1073 2164 1142 2229 τοῖς
1161 2145 1250 2237 ύπη-

294 2253 403 2339 ρέταις
417 2253 575 2320 ἐκέλευσα
587 2265 752 2338 παρεῖναι,
760 2245 851 2331 ὅπως
867 2245 986 2339 εὕρητε
999 2248 1060 2339 τήν
1074 2247 1248 2339 ἀλήθειαν.

296 2356 359 2423 είσλ
379 2356 420 2424 δέ
441 2381 530 2435 τινες
548 2349 661 2421 αὐτῶν
681 2355 737 2421 καί
761 2348 827 2441 ήδη
847 2355 1095 2441 έξετασθέντες,
1116 2357 1173 2425 καὶ
1192 2361 1251 2442 τής

296 2457 470 2541 ἐξετάσεως
484 2459 667 2526 ἐπακοῦσαι
681 2456 841 2525 δύνασθε.
875 2453 912 2525 τδ
928 2454 958 2525 δ’
976 2446 1040 2525 σύν
1059 2464 1250 2526 τελευταῖον

261 2588 284 2631 τι
298 2563 426 2649 ἐπήλθέ
438 2587 494 2647 μοι
509 2558 599 2647 παρά
619 2565 659 2649 τῇ
678 2560 777 2647 μητρὶ
797 2555 870 2628 όντι
890 2557 1039 2647 ξιφήρεις
1058 2564 1143 2645 ἔχων
1158 2555 1250 2638 τινάς

296 2667 329 2744 ἐς
349 2670 449 2733 τοῦτο
476 2663 818 2750 παρεσκευασμένους.
871 2656 953 2749 ὅπερ
975 2658 1040 2748 ἐγω
1061 2667 1280 2753 προμηθείᾳ5

297 2773 403 2857 πολλή
430 2768 487 2835 καί
513 2762 666 2856 άγχινοίηι
683 2765 797 2843 συνείς
816 2759 996 2851 ήμυνάμην
1016 2758 1061 2842 ως
1081 2766 1251 2852 πολέμιον,

297 2872 369 2940 ἐπεὶ
387 2869 469 2957 μήτε
488 2867 627 2957 γνύμην
648 2874 695 2937 ἔτι
717 2866 799 2956 μήτε
820 2862 929 2955 ὁρμήν
948 2873 1070 2955 ἔφερεν
1091 2863 1252 2956 ἀδελφοῦ.

298 2969 492 3061 ἀμύνεσθαί
504 2999 540 3041 τε
553 2969 632 3052 τούς
645 2969 925 3060 ἐπιβουλεύοντας
938 2967 979 3039 οὐ
998 2969 1103 3059 μόνον
1122 2975 1254 3041 δίκαιον

263 3108 286 3149 ιτ
300 3072 384 3144 ἀλλὰ
403 3076 461 3143 καί
480 3074 638 3162 σύνηθες.
673 3071 773 3155 αύτός
790 3069 910 3162 γούνό
931 3080 1032 3163 τήσδε
1051 3080 1109 3162 τής
1127 3073 1254 3154 πόλεως

299 3184 430 3266 κτίστης
451 3174 614 3266 Ῥωμύλος
636 3174 699 3247 ούκ
722 3169 868 3265 Ιήνεγκεν
893 3172 1043 3266 άδελφόν
1068 3173 1253 3266 ὑβρίσαντα

299 3279 404 3365 μόνον
424 3282 458 3361 ές
479 3278 519 3350 τά
544 3284 676 3350 ἐκείνου
696 3287 788 3370 ἔργα.
840 3286 923 3368 σιγῶ
943 3278 1154 3369 Γερμανικὸν
1172 3279 1284 3364 <τδν6

303 3391 463 3473 Τιβερίου
481 3385 538 3454 καί
555 3382 801 3473 Βρεττανικδν>
820 3381 880 3452 τόν
899 3384 1058 3473 Νέρωνος
1074 3385 1131 3452 καί
1154 3390 1253 3453 Τίτον

300 3484 360 3557 τόν
372 3493 593 3575 Δομετιανοῦ.
607 3486 749 3574 Μάρκος
762 3483 878 3573 αύτός,
894 3492 1100 3574 φιλοσοφίαν
1113 3488 1170 3556 καὶ
1183 3489 1256 3554 ἐπι-

266 3613 289 3658 a
303 3596 429 3660 είκειαν
436 3588 730 3681 προσποιούμενος,
740 3596 891 3659 Λουκίου
898 3586 959 3678 τήν
966 3584 1069 3678 ύβριν
1081 3586 1143 3658 ούκ
1157 3584 1256 3676 ήνεγ-

302 3720 361 3763 ιιεν
376 3691 472 3773 όντος
488 3698 657 3782 γαμβροῦ,
672 3687 747 3760 ἄλλ’
764 3695 797 3775 ἐξ
812 3695 991 3780 έπιβοολής
1004 3689 1109 3760 αύτδν
1122 3687 1257 3758 άπεσεί-

302 3817 393 3867 σατο.
423 3791 488 3884 ἐγά
508 3796 546 3866 δὲ
560 3801 770 3888 δηλητηρίων
791 3795 1122 3890 παρεσκευασμένων
1132 3792 1283 3878 ,ὶῑψθθὶ
1352 3836 1355 3841 ·
