3134 4367
320 432 360 491 96
719 429 869 488 TPITON

319 608 455 689 ηγορίας
482 599 684 689 βουλόμενος
715 600 772 667 καὶ
805 597 887 667 κατά
919 605 1115 687 Βρεττανῶν
1145 601 1270 688 ἐγεῖραι

319 705 476 791 τρόπαια,
492 711 538 773 ἔτι
553 702 589 771 δὲ
602 704 659 771 καὶ
671 699 748 781 τοῦς
762 698 858 782 υίοῦς
872 699 1055 790 ἀπαγαγεῖν
1074 708 1132 790 τής
1149 698 1271 791 Ῥῶμης

320 810 448 893 θέλων,
464 804 507 887 ῶς
521 802 563 874 ἀν
576 805 723 889 νεάζοιεν
743 807 779 872 ἐν
799 812 1021 897 στρατιωτικῷ
1042 812 1105 897 βίῳ
1126 808 1183 874 καὶ
1204 805 1272 874 σῶ-

320 938 421 999 φροαι
441 907 645 997 ἀπαχθέντες
659 914 716 995 τής
735 911 772 976 έν
790 902 893 997 Ῥῶμη
912 915 1041 997 τρυφής
1054 910 1110 977 καὶ
1132 913 1271 997 διαίτης,

266 1028 331 1105 ⁸333?
338 1015 531 1100 ἐπαγγέλλει
543 1011 604 1099 τήν
618 1015 650 1091 ἐς
664 1008 724 1097 τήν
730 1018 933 1099 Βρεττανίαν
946 1015 1070 1099 ἔξοδον,
1085 1012 1273 1101 πρεσβύτης
1287 1042 1298 1084 ι

318 1144 353 1186 τε
366 1112 436 1203 ήδη
459 1111 507 1184 ῶν
527 1117 583 1184 καὶ
602 1111 668 1183 ῦπδ
690 1119 748 1201 τής
773 1110 968 1203 ἀρθρίτιδος
993 1113 1097 1183 νόσου
1117 1114 1270 1203 κάμνων·

319 1217 403 1289 ἀλλὰ
415 1217 455 1287 τά
468 1226 525 1306 τής
538 1224 645 1305 ψυχῆς
659 1212 765 1285 αὐτοῦ
775 1223 899 1304 ἔρρωτο
909 1213 993 1304 ὑπὲρ
1005 1216 1111 1286 πάντα
1121 1225 1271 1287 νεανίαν.

289 1321 359 1398 av&
379 1332 515 1392 πλεῖστα
534 1328 618 1409 γοῦν
641 1321 697 1387 καὶ
720 1320 872 1407 φοράδην
894 1319 1077 1408 φερόμενος
1099 1327 1157 1408 τής
1181 1317 1272 1391 ὁδοι-

320 1432 437 1513 πορίας
452 1434 570 1511 είχετο,
588 1420 668 1493 οῦδὲ
682 1422 814 1492 πῶποτε
829 1425 884 1492 έπὶ
897 1421 982 1493 πολύ
996 1426 1106 1511 μένων
1121 1421 1272 1494 ἀνεπαύ-

320 1556 383 1598 ετο.
403 1525 529 1608 ἀνύσας
542 1526 580 1596 δὲ
593 1524 654 1615 τήν
668 1522 749 1594 ὁδὸν
763 1521 829 1614 άμα
843 1541 911 1607 τοῖς
925 1528 1017 1595 παισί
1031 1518 1153 1607 παυτδς
1167 1528 1270 1615 λόγου
1288 1554 1308 1593 ιι

318 1634 375 1700 καὶ
389 1634 521 1711 ἐλπίδος
534 1636 668 1715 θάττον,
678 1626 736 1698 τὸν
750 1625 900 1699 ῶκεανὸν
917 1629 1118 1710 διαπλεύσας
1127 1638 1272 1717 Βρεττα-

196 1724 209 1781 ’·
319 1750 390 1816 νοῑς
403 1736 538 1822 ἐπέστη,
558 1732 636 1815 τούς
658 1758 693 1800 τε
714 1732 925 1820 πανταχόθεν
939 1732 1137 1821 στρατιώτας
1152 1730 1272 1821 ἀθροί-

320 1861 380 1918 σας
392 1840 448 1906 καὶ
463 1834 608 1924 δύναμιν
617 1833 744 1924 πολλήν
757 1832 892 1924 ἀγείρας
905 1834 945 1905 τά
958 1834 1040 1924 πρὸς
1054 1826 1113 1904 τδν
1126 1836 1272 1924 πόλεμον

295 1988 297 1993 -
319 1939 589 2026 παρεσκευάζετο.

288 2060 306 2110 4
422 2046 457 2111 οί
478 2041 515 2110 δέ
533 2043 714 2129 Βρεττανοὶ
732 2049 771 2133 τῇ
792 2048 852 2111 τοῦ
873 2037 1032 2130 βασιλέως
1055 2044 1271 2128 ἐκπλαγέντες
1289 2076 1309 2115 ιι

318 2149 478 2236 αἰφνιδίῳ
492 2147 665 2235 ἐπιδημίᾳ,
680 2143 824 2234 δύναμίν
838 2171 873 2213 τε
892 2141 1093 2224 ἀκούσαντες
1109 2152 1273 2233 παμπλεί-

319 2269 400 2334 στην
420 2244 472 2316 ἐπ’
497 2243 621 2327 αύτούς
647 2244 907 2335 ἀθροισθεῖσαν,
930 2254 1107 2336 πρεσβείας
1126 2254 1273 2336 ἔπεμπον

320 2357 400 2436 περί
415 2378 449 2419 τε
470 2350 602 2437 εἰρήνης
625 2352 831 2439 διελέγοντο,
852 2348 1095 2438 ἀπολογεῖσθαί
1117 2378 1152 2419 τε
1173 2352 1272 2439 ἐβού-

288 2463 419 2523 5λοντο
440 2451 523 2540 πρὸς
543 2451 583 2521 τά
596 2456 884 2545 προημαρτημένα.
935 2449 953 2524 ὁ
974 2454 1012 2522 δὲ
1025 2460 1177 2542 Σεεήρος
1197 2461 1272 2523 δια-

318 2556 432 2646 τριβάς
446 2584 481 2625 τε
494 2556 618 2645 χρόνου
632 2565 752 2645 ζητῶν,
768 2554 813 2639 ῶς
826 2552 868 2627 ἀν
882 2555 926 2645 μή
941 2556 1041 2626 πάλιν
1062 2559 1094 2637 ές
1113 2554 1175 2645 τήν
1192 2554 1270 2626 Ῥῶ·
1287 2581 1310 2620 τι

318 2688 385 2748 μην
399 2663 581 2749 ἐπείγοιτο,
597 2666 644 2729 ἔτι
657 2661 695 2730 δέ
708 2663 764 2731 καὶ
777 2660 980 2750 βουλόμενος
1000 2660 1272 2748 προσκτήσασθαι

318 2762 379 2850 τήν
393 2762 476 2831 κατά
488 2770 683 2851 Βρεττανῶν
702 2772 801 2852 νίκην
815 2792 850 2833 τε
862 2766 917 2833 καλ
934 2770 1174 2851 προσηγορίαν,
1196 2756 1273 2843 τοῦς

317 2865 378 2951 μέν
393 2868 547 2953 πρέσβεις
560 2862 671 2935 αὐτῶν
685 2864 874 2955 ἀπράκτους
887 2862 1089 2954 ἀπέπεμψεν,
1105 2863 1273 2954 εὐτρέπιζε

319 2968 357 3035 δέ
371 2966 410 3035 τά
423 2966 506 3055 πρὸς
519 2966 581 3055 τήν
593 2968 709 3056 μάχην.
721 3000 723 3004 ·
735 2969 875 3057 μάλιστα
889 2968 926 3037 δὲ
942 2969 1105 3057 γεφύραις
1120 2973 1272 3058 ἐπειρᾶτο

319 3069 559 3157 διαλαμβάνειν
579 3069 619 3139 τά
633 3071 741 3160 έλῶδη
759 3079 882 3159 χωρία,
902 3068 946 3152 ῶς
965 3068 1007 3140 άυ
1025 3068 1076 3141 ἐπ’
1100 3068 1271 3160 ἀσφαλοῦς
1286 3103 1309 3143 ιτ

320 3179 492 3259 βαίνοντες
506 3177 542 3242 οί
557 3180 753 3261 στρατιῶτιμ
767 3178 890 3267 ῥᾳδίως
909 3202 943 3243 τε
964 3172 1048 3244 αύτα
1068 3179 1272 3266 διατρέχοιεν

320 3278 377 3343 καὶ
402 3272 453 3344 ἐπ’
484 3272 609 3363 ὀχυροῦ
625 3276 770 3365 βήματος
792 3279 932 3366 έδραίως
951 3281 1086 3359 ἑστῶτες
1106 3279 1271 3366 μάχοιντο.

289 3376 358 3446 6τά
374 3376 438 3466 γάρ
460 3387 595 3448 πλεῖστα
614 3387 671 3468 τῆς
690 3388 887 3469 Βρεττανῶν
906 3380 1014 3470 χώρας
1034 3384 1272 3472 έπικλυζόμευα

319 3495 390 3561 ταῖς
403 3487 463 3549 τοῦ
478 3478 629 3552 ῶκεαυοῦ
644 3491 790 3572 συνεχῶς
804 3481 989 3572 ἀμπῶτισιν
1008 3484 1114 3573 ἕλῶδη
1129 3495 1270 3573 γίνεται·

319 3579 369 3664 οἷς
382 3590 460 3665 έθος
469 3601 537 3665 τοῖς
546 3588 606 3673 μὲν
616 3588 797 3676 βαρβάροις
810 3587 1011 3675 έννήχεσθαί
1023 3617 1057 3657 τε
1071 3591 1127 3658 καὶ
1136 3594 1270 3659 διαθεῖν
1287 3614 1310 3656 ιι

320 3690 529 3776 βρεχομένοις
542 3692 653 3777 μέχρις
669 3690 786 3775 ίξύων
803 3694 925 3779 γυμνοὶ
940 3691 1003 3779 γὰρ
1017 3689 1111 3773 ὅντες
1125 3691 1165 3761 τά
1179 3704 1271 3763 πλεῖ-

277 3800 299 3849 7
308 3812 375 3865 στα.
386 3799 452 3861 τοῦ
461 3792 611 3882 σῶματος
628 3803 684 3883 τής
701 3796 792 3877 ίλύος
806 3803 1083 3883 καταφρονοῦσιν.
1113 3794 1192 3866 οῦδὲ
1209 3797 1271 3885 γάρ
