3134 4367
365 421 424 483 156
774 419 919 479 ΕΚΤΟΝ

334 610 351 662 6
367 593 567 683 εὑρέθησαν,
578 589 623 675 ῶς
634 596 756 682 σχεδὸν
770 599 954 681 ἰσαρίθμου
968 592 1151 680 γενομένου
1165 596 1228 659 τοῦ
1243 593 1314 660 ἑκα-
1351 667 1352 670 ¹

363 701 514 785 τέρωθεν
526 698 686 778 πεσόντος
700 704 844 787 στρατοῦ
857 694 895 765 τὸ
916 694 1135 783 περιλειφθὲν
1151 700 1221 766 τῶν
1236 702 1314 783 βαρ-

363 801 479 889 βάρων
504 802 627 891 πλήθει
648 797 722 868 ἄλλ’
751 799 792 871 οῦ
813 799 954 887 δυνάμει
982 803 1076 866 δοκεῖ
1094 800 1313 885 νενικηκέναι.

363 911 482 992 δεῖγμα
495 905 533 974 δέ
546 912 643 975 τοῦτο
656 902 697 974 οῦ
711 902 833 994 μικρὸν
846 911 903 992 τῆς
924 910 991 972 τῶν
1012 904 1195 992 βαρβάρων
1209 901 1315 971 κακῶ-

362 1030 461 1088 σεως·
482 1010 567 1077 ἐτῶν
592 1014 677 1096 γοῦν
698 1016 801 1098 τριῶν
820 1003 841 1095 ἢ
859 1008 1025 1095 τεττάρων
1048 1003 1223 1095 ἡσύχασαν
1244 1001 1339 1074 οῦδ’5

362 1113 400 1180 ἐν
420 1107 535 1191 ὅπλοις
554 1113 718 1199 ἐγένοντο.
762 1108 846 1198 άπερ
865 1110 1052 1198 μανθάνων
1072 1106 1316 1197 δἈλέξανδρος

362 1215 419 1283 καὶ
434 1204 530 1294 οὗτος
543 1217 580 1283 ἐν
593 1220 633 1303 τῇ
648 1212 831 1306 Ἀντιοχείᾳ
845 1217 1025 1304 διέτριβεν·
1041 1209 1272 1301 εῦθυμότερος
1284 1210 1317 1280 δέ

361 1319 419 1387 καὶ
438 1313 630 1405 άδεέστερος
650 1318 830 1406 γενόμενος
849 1314 1023 1405 άυειμένης
1044 1314 1136 1409 αῦτςῦ
1159 1321 1219 1402 τῆς
1246 1316 1316 1402 περὶ

362 1419 403 1489 τά
430 1420 592 1508 πολεμικά
619 1427 813 1509 φροντίδος,
841 1436 912 1501 ταῖς
939 1426 997 1508 τῆς
1018 1417 1145 1499 πόλεως
1169 1417 1315 1506 ἐσχόλαζε

362 1550 380 1592 τ
403 1552 425 1592 υ
477 1538 516 1592 ἴ.
1331 1544 1348 1585 ¹⁰

332 1621 351 1679 7
381 1552 401 1613 ρ
427 1551 622 1716 φῖίςομένου
640 1628 677 1697 δὲ
691 1623 797 1696 αῦτοῦ
814 1624 854 1695 τά
868 1628 905 1695 ἐν
917 1628 1062 1712 Πέρσαις
1075 1627 1112 1693 ἐν
1130 1622 1249 1714 εἰρήνῃ
1261 1623 1318 1712 μὲν

363 1738 567 1819 συγκείμενα
584 1727 778 1819 ἡσυχάζειν,
801 1736 888 1818 ἐχειν
908 1729 945 1798 δέ
968 1725 1144 1816 άνακῶχὴυ
1165 1728 1224 1796 καὶ
1243 1728 1317 1815 μέλ-

362 1842 462 1921 λησιυ
475 1842 521 1925 τῶ
537 1834 698 1924 βαρβάρῳ
711 1832 795 1920 πρὸς
809 1831 845 1902 τὸ
866 1831 968 1900 πάλιν
983 1832 1120 1919 ἐπάγειν
1140 1825 1201 1900 τὸν
1221 1851 1317 1922 στρα-

362 1936 437 2022 τόν,
453 1932 490 2016 ῦς
503 1933 587 2018 ἅπαξ
603 1937 777 2016 διαλυθεὶς
798 1932 840 2005 οῦ
860 1938 984 2026 ῥᾳδίως
1002 1930 1178 2023 ἠθροίζετο
1198 1929 1258 2003 άτε
1276 1930 1317 2023 μὴ

362 2042 624 2126 συντεταγμένος
643 2037 727 2127 μηδὲ
740 2038 923 2124 συνεστώς,
945 2034 1018 2107 ἀλλ’
1041 2035 1137 2126 ῦχλος
1156 2044 1285 2125 μᾶλλον
1298 2030 1350 2124 ἢκ

362 2139 500 2229 στρατὸς
513 2138 683 2228 ὑπάρχων,
697 2143 753 2209 καλ
766 2148 835 2209 τῶν
848 2144 1063 2229 ἐπισιτισμῶυ
1072 2138 1187 2223 αὐτοῖς
1201 2138 1319 2211 τοσοῦ-

362 2271 431 2312 τωυ
451 2241 560 2313 ὅντων
580 2240 661 2312 ὅσον
682 2240 725 2313 άν
746 2246 882 2324 ἕκαστος
901 2240 1149 2333 ἀφικνούμενος
1176 2243 1262 2334 πρδς
1283 2244 1316 2312 τδ

363 2348 485 2416 ἑαυτοῦ
498 2352 657 2435 χρειῶδες
670 2349 901 2435 ἐπενέγκηται,
916 2349 972 2416 καὶ
986 2347 1273 2427 δυσαποσπάστως
1286 2371 1319 2415 τε

363 2452 421 2519 καί
436 2450 608 2530 δυσόκνως
622 2449 891 2521 καταλειπόυτων
906 2452 1006 2520 τέκνα
1019 2454 1075 2519 καὶ
1089 2466 1254 2539 γυναῖκας
1265 2450 1319 2518 καί

333 2551 427 2642 λτὴν
441 2561 569 2625 οίκείαν
582 2554 711 2643 χῶραν,
726 2558 906 2642 αίφνιδίως
924 2550 1064 2642 άγγελοί
1078 2582 1114 2624 τε
1136 2556 1192 2622 καλ
1212 2552 1317 2643 γράμ
1332 2578 1352 2621 κ

273 2715 277 2726 .
363 2685 448 2745 ματα
462 2659 597 2746 ἐτάραξε
616 2657 677 2727 τὸν
693 2656 912 2746 Ἁλέξανδρον
927 2660 984 2727 καλ
1008 2659 1040 2737 ἐς
1059 2664 1192 2745 μείζονα
1213 2684 1320 2746 φρον-

286 2782 288 2786 ·
362 2766 439 2830 τίδα
453 2765 627 2850 ἐνέβαλεν,
643 2761 899 2831 ἐπιστειλάντων
915 2757 1005 2852 αῦτχῦ
1019 2768 1087 2829 τῶν
1100 2764 1321 2849 ἐμπεπιστευ-

363 2864 475 2949 μένων
497 2864 559 2953 τὴν
579 2859 760 2950 Ἰλλυρίδος
782 2860 966 2952 ἡγεμονίαν
988 2860 1039 2933 ὅτι
1063 2861 1128 2954 άρα
1152 2863 1321 2952 Γερμανοὶ

358 2961 475 3054 Ῥῆνον
496 2968 553 3035 καλ
568 2960 701 3053 Ἴστρον
720 2971 950 3053 διαβαίνοντες
968 2964 1030 3055 τὴν
1044 2964 1214 3057 Ῥωμαίων
1237 2994 1321 3055 πορ-

361 3075 486 3139 θοῦσιν
500 3066 606 3157 ἀρχὴν
619 3069 675 3137 καί
688 3066 728 3137 τά
741 3071 796 3137 ε’πλ
815 3084 885 3149 ταῖς
895 3065 1012 3156 ὄχθαις
1026 3070 1234 3158 στρατόπεδα
1248 3073 1320 3139 ἐπι·
1334 3094 1355 3138 κ

361 3177 499 3261 κείμενα
521 3172 633 3250 πόλεις
653 3198 689 3239 τε
710 3172 767 3239 καὶ
789 3171 902 3259 κῶμας
927 3180 1033 3263 πολλῇ
1055 3174 1197 3261 δυνάμει
1219 3201 1321 3243 κατα-

362 3276 554 3363 τρέχουσιν,
574 3285 625 3362 είτχ
639 3302 675 3342 τε
688 3270 750 3345 οῦκ
765 3278 803 3344 ἐν
817 3272 920 3368 ὀλίγφ
933 3276 1089 3375 Ικινδῦνφ
1104 3275 1144 3346 τά
1156 3273 1322 3366 Ἰλλυρικά

331 3400 349 3453 3
364 3382 449 3465 ἔθνη
463 3374 651 3469 ὁμοροῦντα
663 3380 720 3447 καί
733 3387 930 3467 γειτνιῶντα
944 3376 1078 3472 Ἰταλία·
1101 3386 1238 3450 δεῖσθαι
1251 3387 1322 3450 τοί-

363 3507 429 3549 νυν
442 3488 500 3570 τῆς
514 3479 619 3550 αὐτοῦ
633 3489 818 3568 παρουσίας
831 3484 888 3552 καὶ
903 3490 964 3553 τοῦ
986 3492 1129 3573 στρατοῦ
1143 3481 1269 3564 παντὸς
1285 3479 1321 3565 δς

362 3573 407 3671 ἦν
420 3582 486 3654 σῦν
499 3581 600 3676 αὐτῷ.
628 3588 825 3673 δηλωθέντα
847 3584 888 3675 δὴ
908 3594 1012 3657 ταῦτα
1030 3588 1090 3658 τόν
1108 3614 1145 3657 τε
1164 3583 1319 3670 Ἀλέξαυ-
1333 3607 1356 3652 τι

364 3692 447 3778 δρον
461 3688 595 3778 ἐτάραξε
612 3691 668 3757 καί
685 3688 763 3771 τοῦς
783 3694 821 3760 ἐκ
837 3698 898 3759 τοῦ
917 3688 1101 3779 Ἰλλυρικοῦ
1121 3690 1322 3781 στρατιώτας

269 3823 286 3877 l
354 3791 522 3883 ἐλῦπγσε,
539 3798 642 3885 διπλῇ
652 3798 836 3876 δοκοῦντας
849 3802 1033 3885 κεχρῆσθαι
1046 3800 1216 3887 συμφορᾷ,
1235 3800 1273 3865 ἐκ
1286 3818 1321 3863 τε
