<?xml version="1.0" encoding="UTF-8"?>
<!DOCTYPE html PUBLIC "-//W3C//DTD XHTML 1.0 Transitional//EN"
    "http://www.w3.org/TR/xhtml1/DTD/xhtml1-transitional.dtd">
<html xmlns="http://www.w3.org/1999/xhtml" xml:lang="en" lang="en">
 <head>
  <title>
</title>
<meta http-equiv="Content-Type" content="text/html;charset=utf-8" />
  <meta name='ocr-system' content='tesseract 3.04.00' />
  <meta name='ocr-capabilities' content='ocr_page ocr_carea ocr_par ocr_line ocrx_word'/>
</head>
<body>
  <div class='ocr_page' id='page_1' title='image "./herodianiabexce00herogoog_0112.png"; bbox 0 0 3134 4367; ppageno 0'>
   <div class='ocr_carea' id='block_1_1' title="bbox 344 422 934 486">
    <p class='ocr_par' dir='ltr' id='par_1_1' title="bbox 344 422 934 486">
     <span class='ocr_line' id='line_1_1' title="bbox 344 422 934 486; baseline -0.002 -1"><span class='ocrx_word' id='word_1_1' title='bbox 344 422 403 486; x_wconf 80' lang='lat'><strong><em>102</em></strong></span> <span class='ocrx_word' id='word_1_2' title='bbox 715 423 934 484; x_wconf 82' lang='grc' dir='ltr'><em>ΤΕΤΑΡΓΟΝ</em></span> 
     </span>
    </p>
   </div>
   <div class='ocr_carea' id='block_1_2' title="bbox 222 580 1348 3777">
    <p class='ocr_par' dir='ltr' id='par_1_2' title="bbox 222 580 1342 2023">
     <span class='ocr_line' id='line_1_2' title="bbox 344 580 1302 686; baseline -0.005 -19"><span class='ocrx_word' id='word_1_3' title='bbox 344 595 531 686; x_wconf 86' lang='grc' dir='ltr'><strong><em>πλῇρωται,</em></strong></span> <span class='ocrx_word' id='word_1_4' title='bbox 547 580 674 677; x_wconf 79' lang='grc' dir='ltr'><strong><em>ἔξωθεν</em></strong></span> <span class='ocrx_word' id='word_1_5' title='bbox 688 593 725 663; x_wconf 75' lang='grc' dir='ltr'><strong><em>δέ</em></strong></span> <span class='ocrx_word' id='word_1_6' title='bbox 735 597 942 684; x_wconf 84' lang='grc' dir='ltr'><strong><em>χρυσοϋφέσι</em></strong></span> <span class='ocrx_word' id='word_1_7' title='bbox 957 606 1145 682; x_wconf 81' lang='grc' dir='ltr'><strong><em>στρωμναῖς</em></strong></span> <span class='ocrx_word' id='word_1_8' title='bbox 1159 595 1302 681; x_wconf 81' lang='grc' dir='ltr'><strong><em>ἐλεφαν-</em></strong></span> 
     </span>
     <span class='ocr_line' id='line_1_3' title="bbox 345 694 1301 786; baseline -0.005 -17"><span class='ocrx_word' id='word_1_9' title='bbox 345 706 449 779; x_wconf 87' lang='grc' dir='ltr'><strong><em>τίνοις</em></strong></span> <span class='ocrx_word' id='word_1_10' title='bbox 462 726 497 767; x_wconf 88' lang='grc' dir='ltr'><strong><em>τε</em></strong></span> <span class='ocrx_word' id='word_1_11' title='bbox 512 694 678 785; x_wconf 79' lang='grc' dir='ltr'><strong><em>ἀγάλμασι</em></strong></span> <span class='ocrx_word' id='word_1_12' title='bbox 696 712 842 786; x_wconf 77' lang='grc' dir='ltr'><em>γραφαῖς</em></span> <span class='ocrx_word' id='word_1_13' title='bbox 862 726 898 767; x_wconf 89' lang='grc' dir='ltr'><strong><em>τε</em></strong></span> <span class='ocrx_word' id='word_1_14' title='bbox 912 704 1077 777; x_wconf 81' lang='grc' dir='ltr'><strong><em>ποικίλαις</em></strong></span> <span class='ocrx_word' id='word_1_15' title='bbox 1090 696 1301 785; x_wconf 80' lang='grc' dir='ltr'><strong><em>κεκόσμηται.</em></strong></span> 
     </span>
     <span class='ocr_line' id='line_1_4' title="bbox 345 799 1302 894; baseline -0.004 -22"><span class='ocrx_word' id='word_1_16' title='bbox 345 799 398 872; x_wconf 79' lang='grc' dir='ltr'><strong><em>ἐπ’</em></strong></span> <span class='ocrx_word' id='word_1_17' title='bbox 416 805 534 894; x_wconf 79' lang='grc' dir='ltr'><strong><em>ἐκείνω</em></strong></span> <span class='ocrx_word' id='word_1_18' title='bbox 549 801 586 869; x_wconf 74' lang='grc' dir='ltr'><strong><em>δὲ</em></strong></span> <span class='ocrx_word' id='word_1_19' title='bbox 603 804 735 889; x_wconf 80' lang='grc' dir='ltr'><strong><em>ἕτερον,</em></strong></span> <span class='ocrx_word' id='word_1_20' title='bbox 750 800 890 889; x_wconf 78' lang='grc' dir='ltr'><strong><em>σχήματι</em></strong></span> <span class='ocrx_word' id='word_1_21' title='bbox 903 801 966 889; x_wconf 74' lang='grc' dir='ltr'><strong><em>μὲν</em></strong></span> <span class='ocrx_word' id='word_1_22' title='bbox 984 802 1041 870; x_wconf 84' lang='grc' dir='ltr'><strong><em>καὶ</em></strong></span> <span class='ocrx_word' id='word_1_23' title='bbox 1061 800 1175 890; x_wconf 78' lang='grc' dir='ltr'><strong><em>κόσμῳ</em></strong></span> <span class='ocrx_word' id='word_1_24' title='bbox 1195 827 1302 887; x_wconf 88' lang='grc' dir='ltr'><strong><em>παρα-</em></strong></span> 
     </span>
     <span class='ocr_line' id='line_1_5' title="bbox 344 901 1304 993; baseline -0.003 -19"><span class='ocrx_word' id='word_1_25' title='bbox 344 901 503 993; x_wconf 84' lang='grc' dir='ltr'><strong><em>πλήσιον,</em></strong></span> <span class='ocrx_word' id='word_1_26' title='bbox 527 903 726 993; x_wconf 77' lang='grc' dir='ltr'><strong><em>μικρότερον</em></strong></span> <span class='ocrx_word' id='word_1_27' title='bbox 749 905 831 993; x_wconf 77' lang='grc' dir='ltr'><strong><em>(δὲ)</em></strong></span> <span class='ocrx_word' id='word_1_28' title='bbox 855 907 1030 991; x_wconf 82' lang='grc' dir='ltr'><strong><em>ἐπίκειται,</em></strong></span> <span class='ocrx_word' id='word_1_29' title='bbox 1057 909 1203 983; x_wconf 76' lang='grc' dir='ltr'><strong><em>πυλίδας</em></strong></span> <span class='ocrx_word' id='word_1_30' title='bbox 1229 909 1304 990; x_wconf 80' lang='grc' dir='ltr'><strong><em>ἔχον</em></strong></span> 
     </span>
     <span class='ocr_line' id='line_1_6' title="bbox 344 1003 1325 1098; baseline -0.005 -21"><span class='ocrx_word' id='word_1_31' title='bbox 344 1004 733 1098; x_wconf 78' lang='grc' dir='ltr'><strong><em>καλθύραςάνεμγυίας.</em></strong></span> <span class='ocrx_word' id='word_1_32' title='bbox 769 1014 882 1097; x_wconf 84' lang='grc' dir='ltr'><strong><em>τρίτον</em></strong></span> <span class='ocrx_word' id='word_1_33' title='bbox 906 1035 941 1076; x_wconf 90' lang='grc' dir='ltr'><strong><em>τε</em></strong></span> <span class='ocrx_word' id='word_1_34' title='bbox 972 1009 1029 1076; x_wconf 85' lang='grc' dir='ltr'><strong><em>καὶ</em></strong></span> <span class='ocrx_word' id='word_1_35' title='bbox 1054 1009 1229 1094; x_wconf 87' lang='grc' dir='ltr'><strong><em>τέταρτον,</em></strong></span> <span class='ocrx_word' id='word_1_36' title='bbox 1254 1003 1325 1074; x_wconf 80' lang='grc' dir='ltr'><strong><em>άελο</em></strong></span> 
     </span>
     <span class='ocr_line' id='line_1_7' title="bbox 346 1107 1306 1198; baseline -0.003 -17"><span class='ocrx_word' id='word_1_37' title='bbox 346 1117 407 1181; x_wconf 80' lang='grc' dir='ltr'><strong><em>τοῦ</em></strong></span> <span class='ocrx_word' id='word_1_38' title='bbox 428 1107 652 1197; x_wconf 82' lang='grc' dir='ltr'><strong><em>ὑποκειμένου</em></strong></span> <span class='ocrx_word' id='word_1_39' title='bbox 673 1126 787 1197; x_wconf 87' lang='grc' dir='ltr'><strong><em>μεῖον,</em></strong></span> <span class='ocrx_word' id='word_1_40' title='bbox 815 1113 848 1191; x_wconf 84' lang='grc' dir='ltr'><strong><em>ές</em></strong></span> <span class='ocrx_word' id='word_1_41' title='bbox 881 1119 1072 1180; x_wconf 89' lang='grc' dir='ltr'><strong><em>τελευταῖον</em></strong></span> <span class='ocrx_word' id='word_1_42' title='bbox 1098 1109 1306 1198; x_wconf 82' lang='grc' dir='ltr'><strong><em>βραχύτατον</em></strong></span> 
     </span>
     <span class='ocr_line' id='line_1_8' title="bbox 222 1208 1306 1302; baseline -0.006 -16"><span class='ocrx_word' id='word_1_43' title='bbox 222 1258 223 1266; x_wconf 47' lang='lat'>1</span> <span class='ocrx_word' id='word_1_44' title='bbox 316 1220 560 1302; x_wconf 80' lang='grc' dir='ltr'><strong><em>8περατοῦται.</em></strong></span> <span class='ocrx_word' id='word_1_45' title='bbox 613 1210 790 1283; x_wconf 76' lang='grc' dir='ltr'><strong><em>ἀπεικάσαι</em></strong></span> <span class='ocrx_word' id='word_1_46' title='bbox 811 1242 860 1294; x_wconf 91' lang='grc' dir='ltr'><strong><em>τις</em></strong></span> <span class='ocrx_word' id='word_1_47' title='bbox 881 1208 924 1282; x_wconf 83' lang='grc' dir='ltr'><strong><em>άν</em></strong></span> <span class='ocrx_word' id='word_1_48' title='bbox 939 1212 976 1282; x_wconf 89' lang='grc' dir='ltr'><strong><em>τὸ</em></strong></span> <span class='ocrx_word' id='word_1_49' title='bbox 998 1220 1104 1301; x_wconf 89' lang='grc' dir='ltr'><strong><em>σχῇμα</em></strong></span> <span class='ocrx_word' id='word_1_50' title='bbox 1123 1220 1187 1281; x_wconf 80' lang='grc' dir='ltr'><strong><em>τοῦ</em></strong></span> <span class='ocrx_word' id='word_1_51' title='bbox 1205 1239 1306 1280; x_wconf 88' lang='grc' dir='ltr'><strong><em>κατα-</em></strong></span> 
     </span>
     <span class='ocr_line' id='line_1_9' title="bbox 347 1312 1307 1405; baseline -0.003 -19"><span class='ocrx_word' id='word_1_52' title='bbox 347 1316 574 1405; x_wconf 85' lang='grc' dir='ltr'><strong><em>σκευάσματος</em></strong></span> <span class='ocrx_word' id='word_1_53' title='bbox 588 1324 832 1405; x_wconf 87' lang='grc' dir='ltr'><strong><em>φρνκτωρίοις,</em></strong></span> <span class='ocrx_word' id='word_1_54' title='bbox 848 1312 870 1384; x_wconf 82' lang='grc' dir='ltr'><strong><em>ά</em></strong></span> <span class='ocrx_word' id='word_1_55' title='bbox 883 1332 951 1397; x_wconf 87' lang='grc' dir='ltr'><strong><em>τοῖς</em></strong></span> <span class='ocrx_word' id='word_1_56' title='bbox 971 1319 1101 1404; x_wconf 78' lang='grc' dir='ltr'><strong><em>λιμέσιν</em></strong></span> <span class='ocrx_word' id='word_1_57' title='bbox 1116 1319 1307 1403; x_wconf 77' lang='grc' dir='ltr'><strong><em>ἐπικείμενα</em></strong></span> 
     </span>
     <span class='ocr_line' id='line_1_10' title="bbox 349 1411 1320 1509; baseline -0.002 -21"><span class='ocrx_word' id='word_1_58' title='bbox 349 1420 482 1509; x_wconf 81' lang='grc' dir='ltr'><strong><em>νύκτωρ</em></strong></span> <span class='ocrx_word' id='word_1_59' title='bbox 503 1417 560 1488; x_wconf 83' lang='grc' dir='ltr'><strong><em>διά</em></strong></span> <span class='ocrx_word' id='word_1_60' title='bbox 578 1426 638 1488; x_wconf 87' lang='grc' dir='ltr'><strong><em>τού</em></strong></span> <span class='ocrx_word' id='word_1_61' title='bbox 660 1418 767 1508; x_wconf 87' lang='grc' dir='ltr'><strong><em>πυρός</em></strong></span> <span class='ocrx_word' id='word_1_62' title='bbox 788 1423 821 1501; x_wconf 85' lang='grc' dir='ltr'><strong><em>ές</em></strong></span> <span class='ocrx_word' id='word_1_63' title='bbox 847 1411 1010 1506; x_wconf 85' lang='grc' dir='ltr'><strong><em>άσφαλεῖς</em></strong></span> <span class='ocrx_word' id='word_1_64' title='bbox 1034 1416 1230 1506; x_wconf 78' lang='grc' dir='ltr'><strong><em>καταγωγὰς</em></strong></span> <span class='ocrx_word' id='word_1_65' title='bbox 1252 1415 1320 1498; x_wconf 81' lang='grc' dir='ltr'><strong><em>τὰς’</em></strong></span> 
     </span>
     <span class='ocr_line' id='line_1_11' title="bbox 350 1520 1342 1612; baseline -0.002 -21"><span class='ocrx_word' id='word_1_66' title='bbox 350 1530 434 1604; x_wconf 84' lang='grc' dir='ltr'><strong><em>ναῦς</em></strong></span> <span class='ocrx_word' id='word_1_67' title='bbox 452 1538 664 1610; x_wconf 87' lang='grc' dir='ltr'><strong><em>χειραγωγεῑ·</em></strong></span> <span class='ocrx_word' id='word_1_68' title='bbox 687 1522 818 1612; x_wconf 91' lang='grc' dir='ltr'><strong><em>φάρους</em></strong></span> <span class='ocrx_word' id='word_1_69' title='bbox 836 1549 872 1590; x_wconf 90' lang='grc' dir='ltr'><strong><em>τε</em></strong></span> <span class='ocrx_word' id='word_1_70' title='bbox 891 1520 977 1592; x_wconf 81' lang='grc' dir='ltr'><strong><em>αὐτὰ</em></strong></span> <span class='ocrx_word' id='word_1_71' title='bbox 997 1527 1033 1590; x_wconf 77' lang='lat' dir='ltr'><strong><em>oc</em></strong></span> <span class='ocrx_word' id='word_1_72' title='bbox 1050 1523 1168 1590; x_wconf 84' lang='grc' dir='ltr'><strong><em>πολλοὶ</em></strong></span> <span class='ocrx_word' id='word_1_73' title='bbox 1181 1528 1306 1591; x_wconf 87' lang='grc' dir='ltr'><strong><em>καλού-</em></strong></span> <span class='ocrx_word' id='word_1_74' title='bbox 1323 1541 1342 1580; x_wconf 79' lang='lat'><strong><em>¹⁰</em></strong></span> 
     </span>
     <span class='ocr_line' id='line_1_12' title="bbox 350 1621 1307 1715; baseline -0.003 -20"><span class='ocrx_word' id='word_1_75' title='bbox 350 1649 415 1695; x_wconf 92' lang='grc' dir='ltr'><strong><em>σιν.</em></strong></span> <span class='ocrx_word' id='word_1_76' title='bbox 444 1628 477 1706; x_wconf 83' lang='grc' dir='ltr'><strong><em>ἐς</em></strong></span> <span class='ocrx_word' id='word_1_77' title='bbox 492 1623 534 1714; x_wconf 84' lang='grc' dir='ltr'><strong><em>δῇ</em></strong></span> <span class='ocrx_word' id='word_1_78' title='bbox 548 1624 585 1694; x_wconf 87' lang='grc' dir='ltr'><strong><em>τὸ</em></strong></span> <span class='ocrx_word' id='word_1_79' title='bbox 600 1635 721 1715; x_wconf 85' lang='grc' dir='ltr'><strong><em>οίκημα</em></strong></span> <span class='ocrx_word' id='word_1_80' title='bbox 734 1622 771 1695; x_wconf 85' lang='grc' dir='ltr'><strong><em>τό</em></strong></span> <span class='ocrx_word' id='word_1_81' title='bbox 793 1625 955 1714; x_wconf 85' lang='grc' dir='ltr'><strong><em>δεύτερον</em></strong></span> <span class='ocrx_word' id='word_1_82' title='bbox 973 1621 1236 1712; x_wconf 78' lang='grc' dir='ltr'><strong><em>ἀνακομίσαντες</em></strong></span> <span class='ocrx_word' id='word_1_83' title='bbox 1248 1621 1307 1713; x_wconf 79' lang='grc' dir='ltr'><strong><em>τὴν</em></strong></span> 
     </span>
     <span class='ocr_line' id='line_1_13' title="bbox 350 1726 1308 1818; baseline -0.003 -21"><span class='ocrx_word' id='word_1_84' title='bbox 350 1735 471 1817; x_wconf 82' lang='grc' dir='ltr'><strong><em>κλίνην</em></strong></span> <span class='ocrx_word' id='word_1_85' title='bbox 488 1731 658 1816; x_wconf 78' lang='grc' dir='ltr'><strong><em>τιθέασιν,</em></strong></span> <span class='ocrx_word' id='word_1_86' title='bbox 680 1726 838 1818; x_wconf 78' lang='grc' dir='ltr'><strong><em>άριόματά</em></strong></span> <span class='ocrx_word' id='word_1_87' title='bbox 859 1756 894 1799; x_wconf 90' lang='grc' dir='ltr'><strong><em>τε</em></strong></span> <span class='ocrx_word' id='word_1_88' title='bbox 912 1730 969 1798; x_wconf 79' lang='grc' dir='ltr'><strong><em>καὶ</em></strong></span> <span class='ocrx_word' id='word_1_89' title='bbox 986 1727 1181 1816; x_wconf 75' lang='grc' dir='ltr'><strong><em>θυμιάματα</em></strong></span> <span class='ocrx_word' id='word_1_90' title='bbox 1201 1726 1308 1798; x_wconf 86' lang='grc' dir='ltr'><strong><em>πάντα</em></strong></span> 
     </span>
     <span class='ocr_line' id='line_1_14' title="bbox 352 1826 1309 1920; baseline -0.002 -20"><span class='ocrx_word' id='word_1_91' title='bbox 352 1828 413 1901; x_wconf 83' lang='grc' dir='ltr'><strong><em>ὅσα</em></strong></span> <span class='ocrx_word' id='word_1_92' title='bbox 433 1838 476 1919; x_wconf 86' lang='grc' dir='ltr'><strong><em>γῇ</em></strong></span> <span class='ocrx_word' id='word_1_93' title='bbox 497 1834 611 1919; x_wconf 81' lang='grc' dir='ltr'><strong><em>φέρει,</em></strong></span> <span class='ocrx_word' id='word_1_94' title='bbox 637 1842 671 1901; x_wconf 84' lang='grc' dir='ltr'><strong><em>εί</em></strong></span> <span class='ocrx_word' id='word_1_95' title='bbox 693 1834 731 1901; x_wconf 91' lang='grc' dir='ltr'><strong><em>τέ</em></strong></span> <span class='ocrx_word' id='word_1_96' title='bbox 750 1858 839 1912; x_wconf 88' lang='grc' dir='ltr'><strong><em>τινες</em></strong></span> <span class='ocrx_word' id='word_1_97' title='bbox 859 1826 1018 1920; x_wconf 83' lang='grc' dir='ltr'><strong><em>καρποὶῇ</em></strong></span> <span class='ocrx_word' id='word_1_98' title='bbox 1044 1830 1124 1900; x_wconf 90' lang='grc' dir='ltr'><strong><em>πόαι</em></strong></span> <span class='ocrx_word' id='word_1_99' title='bbox 1149 1839 1255 1918; x_wconf 89' lang='grc' dir='ltr'><strong><em>χυμοί</em></strong></span> <span class='ocrx_word' id='word_1_100' title='bbox 1275 1857 1309 1899; x_wconf 91' lang='grc' dir='ltr'><strong><em>τε</em></strong></span> 
     </span>
     <span class='ocr_line' id='line_1_15' title="bbox 351 1931 1308 2023; baseline 0.001 -21"><span class='ocrx_word' id='word_1_101' title='bbox 351 1933 619 2021; x_wconf 84' lang='grc' dir='ltr'><strong><em>συμβαλλόμενοι</em></strong></span> <span class='ocrx_word' id='word_1_102' title='bbox 628 1934 712 2023; x_wconf 85' lang='grc' dir='ltr'><strong><em>πρὸς</em></strong></span> <span class='ocrx_word' id='word_1_103' title='bbox 725 1931 889 2021; x_wconf 87' lang='grc' dir='ltr'><strong><em>εὐωδίαν,</em></strong></span> <span class='ocrx_word' id='word_1_104' title='bbox 904 1932 1157 2022; x_wconf 82' lang='grc' dir='ltr'><strong><em>άνακομίζουται</em></strong></span> <span class='ocrx_word' id='word_1_105' title='bbox 1172 1936 1230 2003; x_wconf 83' lang='grc' dir='ltr'><strong><em>καὶ</em></strong></span> <span class='ocrx_word' id='word_1_106' title='bbox 1243 1955 1308 2003; x_wconf 91' lang='grc' dir='ltr'><strong><em>σω-</em></strong></span> 
     </span>
    </p>

    <p class='ocr_par' dir='ltr' id='par_1_3' title="bbox 321 2033 1347 2748">
     <span class='ocr_line' id='line_1_16' title="bbox 321 2033 1344 2125; baseline 0.002 -21"><span class='ocrx_word' id='word_1_107' title='bbox 321 2045 338 2098; x_wconf 83' lang='grc'>9</span> <span class='ocrx_word' id='word_1_108' title='bbox 354 2034 459 2125; x_wconf 80' lang='grc' dir='ltr'><strong><em>ρηδδν</em></strong></span> <span class='ocrx_word' id='word_1_109' title='bbox 478 2038 625 2122; x_wconf 86' lang='grc' dir='ltr'><strong><em>χέονται·</em></strong></span> <span class='ocrx_word' id='word_1_110' title='bbox 652 2033 730 2106; x_wconf 85' lang='grc' dir='ltr'><strong><em>οὐτε</em></strong></span> <span class='ocrx_word' id='word_1_111' title='bbox 747 2034 812 2125; x_wconf 82' lang='grc' dir='ltr'><strong><em>γάρ</em></strong></span> <span class='ocrx_word' id='word_1_112' title='bbox 833 2043 935 2117; x_wconf 76' lang='grc' dir='ltr'><strong><em>ἔθνος</em></strong></span> <span class='ocrx_word' id='word_1_113' title='bbox 955 2033 1033 2106; x_wconf 81' lang='grc' dir='ltr'><strong><em>οὐτε</em></strong></span> <span class='ocrx_word' id='word_1_114' title='bbox 1050 2035 1145 2117; x_wconf 91' lang='grc' dir='ltr'><strong><em>πόλις</em></strong></span> <span class='ocrx_word' id='word_1_115' title='bbox 1162 2064 1212 2118; x_wconf 92' lang='grc' dir='ltr'><strong><em>τις</em></strong></span> <span class='ocrx_word' id='word_1_116' title='bbox 1234 2033 1310 2107; x_wconf 83' lang='grc' dir='ltr'><strong><em>οὐτε</em></strong></span> <span class='ocrx_word' id='word_1_117' title='bbox 1325 2065 1344 2107; x_wconf 88' lang='grc' dir='ltr'><strong><em>ιι</em></strong></span> 
     </span>
     <span class='ocr_line' id='line_1_17' title="bbox 352 2134 1311 2230; baseline 0.002 -23"><span class='ocrx_word' id='word_1_118' title='bbox 352 2146 420 2208; x_wconf 71' lang='grc' dir='ltr'><strong><em>τοῖν</em></strong></span> <span class='ocrx_word' id='word_1_119' title='bbox 430 2141 468 2207; x_wconf 86' lang='grc' dir='ltr'><strong><em>έν</em></strong></span> <span class='ocrx_word' id='word_1_120' title='bbox 477 2135 610 2221; x_wconf 74' lang='grc' dir='ltr'><strong><em>άξιιόσει</em></strong></span> <span class='ocrx_word' id='word_1_121' title='bbox 622 2134 644 2228; x_wconf 85' lang='grc' dir='ltr'><strong><em>ῇ</em></strong></span> <span class='ocrx_word' id='word_1_122' title='bbox 657 2146 735 2230; x_wconf 90' lang='grc' dir='ltr'><strong><em>τιμῇ</em></strong></span> <span class='ocrx_word' id='word_1_123' title='bbox 749 2147 840 2209; x_wconf 80' lang='grc' dir='ltr'><strong><em>ἔστιν</em></strong></span> <span class='ocrx_word' id='word_1_124' title='bbox 853 2135 890 2221; x_wconf 76' lang='grc' dir='ltr'><strong><em>ὃς</em></strong></span> <span class='ocrx_word' id='word_1_125' title='bbox 903 2139 948 2229; x_wconf 82' lang='grc' dir='ltr'><strong><em>μῇ</em></strong></span> <span class='ocrx_word' id='word_1_126' title='bbox 963 2145 1055 2228; x_wconf 79' lang='grc' dir='ltr'><strong><em>δῶρα</em></strong></span> <span class='ocrx_word' id='word_1_127' title='bbox 1069 2147 1173 2209; x_wconf 84' lang='grc' dir='ltr'><strong><em>ταῦτα</em></strong></span> <span class='ocrx_word' id='word_1_128' title='bbox 1187 2136 1311 2209; x_wconf 78' lang='grc' dir='ltr'><strong><em>ὕστατα</em></strong></span> 
     </span>
     <span class='ocr_line' id='line_1_18' title="bbox 353 2234 1311 2332; baseline 0.002 -22"><span class='ocrx_word' id='word_1_129' title='bbox 353 2234 474 2329; x_wconf 89' lang='grc' dir='ltr'><strong><em>πέμπει</em></strong></span> <span class='ocrx_word' id='word_1_130' title='bbox 494 2249 677 2331; x_wconf 82' lang='grc' dir='ltr'><strong><em>φιλοτίμως</em></strong></span> <span class='ocrx_word' id='word_1_131' title='bbox 697 2246 730 2325; x_wconf 80' lang='grc' dir='ltr'><strong><em>ἐς</em></strong></span> <span class='ocrx_word' id='word_1_132' title='bbox 748 2241 848 2330; x_wconf 80' lang='grc' dir='ltr'><strong><em>τιμὴν</em></strong></span> <span class='ocrx_word' id='word_1_133' title='bbox 868 2250 929 2313; x_wconf 87' lang='grc' dir='ltr'><strong><em>τοῦ</em></strong></span> <span class='ocrx_word' id='word_1_134' title='bbox 954 2246 1125 2332; x_wconf 88' lang='grc' dir='ltr'><strong><em>βασιλέως.</em></strong></span> <span class='ocrx_word' id='word_1_135' title='bbox 1167 2241 1253 2312; x_wconf 83' lang='grc' dir='ltr'><strong><em>έπόιν</em></strong></span> <span class='ocrx_word' id='word_1_136' title='bbox 1275 2242 1311 2312; x_wconf 71' lang='grc' dir='ltr'><strong><em>δέ</em></strong></span> 
     </span>
     <span class='ocr_line' id='line_1_19' title="bbox 352 2342 1311 2436; baseline 0.001 -22"><span class='ocrx_word' id='word_1_137' title='bbox 352 2346 508 2434; x_wconf 87' lang='grc' dir='ltr'><strong><em>μέγιστον</em></strong></span> <span class='ocrx_word' id='word_1_138' title='bbox 522 2352 614 2434; x_wconf 82' lang='grc' dir='ltr'><strong><em>χῶμα</em></strong></span> <span class='ocrx_word' id='word_1_139' title='bbox 628 2342 720 2436; x_wconf 88' lang='grc' dir='ltr'><strong><em>άρθῇ</em></strong></span> <span class='ocrx_word' id='word_1_140' title='bbox 741 2352 809 2415; x_wconf 76' lang='grc' dir='ltr'><strong><em>τῶν</em></strong></span> <span class='ocrx_word' id='word_1_141' title='bbox 829 2342 1016 2434; x_wconf 79' lang='grc' dir='ltr'><strong><em>ἀρωμάτων</em></strong></span> <span class='ocrx_word' id='word_1_142' title='bbox 1029 2353 1094 2427; x_wconf 80' lang='grc' dir='ltr'><strong><em>πᾶς</em></strong></span> <span class='ocrx_word' id='word_1_143' title='bbox 1114 2373 1150 2415; x_wconf 91' lang='grc' dir='ltr'><strong><em>τε</em></strong></span> <span class='ocrx_word' id='word_1_144' title='bbox 1171 2342 1190 2415; x_wconf 85' lang='grc' dir='ltr'>ὁ</span> <span class='ocrx_word' id='word_1_145' title='bbox 1212 2345 1311 2426; x_wconf 90' lang='grc' dir='ltr'><strong><em>τόπος</em></strong></span> 
     </span>
     <span class='ocr_line' id='line_1_20' title="bbox 353 2447 1312 2538; baseline 0.001 -20"><span class='ocrx_word' id='word_1_146' title='bbox 353 2455 536 2537; x_wconf 89' lang='grc' dir='ltr'><strong><em>πληρωθῇ,</em></strong></span> <span class='ocrx_word' id='word_1_147' title='bbox 553 2453 694 2518; x_wconf 87' lang='grc' dir='ltr'><strong><em>ίππασία</em></strong></span> <span class='ocrx_word' id='word_1_148' title='bbox 706 2451 784 2538; x_wconf 77' lang='grc' dir='ltr'><strong><em>περὶ</em></strong></span> <span class='ocrx_word' id='word_1_149' title='bbox 803 2447 840 2518; x_wconf 88' lang='grc' dir='ltr'><strong><em>τὸ</em></strong></span> <span class='ocrx_word' id='word_1_150' title='bbox 861 2448 1116 2537; x_wconf 83' lang='grc' dir='ltr'><strong><em>κατασκεύασμα</em></strong></span> <span class='ocrx_word' id='word_1_151' title='bbox 1135 2452 1246 2519; x_wconf 81' lang='grc' dir='ltr'><strong><em>ἐκεῖνο</em></strong></span> <span class='ocrx_word' id='word_1_152' title='bbox 1260 2455 1312 2538; x_wconf 89' lang='grc' dir='ltr'><strong><em>γί-</em></strong></span> 
     </span>
     <span class='ocr_line' id='line_1_21' title="bbox 353 2550 1347 2644; baseline -0.004 -23"><span class='ocrx_word' id='word_1_153' title='bbox 353 2579 464 2640; x_wconf 89' lang='grc' dir='ltr'><strong><em>νεται,</em></strong></span> <span class='ocrx_word' id='word_1_154' title='bbox 479 2557 546 2621; x_wconf 84' lang='grc' dir='ltr'><strong><em>πᾶν</em></strong></span> <span class='ocrx_word' id='word_1_155' title='bbox 560 2550 645 2621; x_wconf 87' lang='grc' dir='ltr'><strong><em>τετὸ</em></strong></span> <span class='ocrx_word' id='word_1_156' title='bbox 662 2551 800 2622; x_wconf 79' lang='grc' dir='ltr'><strong><em>ἱππικὸν</em></strong></span> <span class='ocrx_word' id='word_1_157' title='bbox 815 2552 923 2641; x_wconf 80' lang='grc' dir='ltr'><strong><em>τάγμα</em></strong></span> <span class='ocrx_word' id='word_1_158' title='bbox 942 2563 1080 2642; x_wconf 81' lang='grc' dir='ltr'><strong><em>περιθεῖ</em></strong></span> <span class='ocrx_word' id='word_1_159' title='bbox 1096 2552 1211 2644; x_wconf 82' lang='grc' dir='ltr'><strong><em>κύκλφ</em></strong></span> <span class='ocrx_word' id='word_1_160' title='bbox 1231 2551 1311 2641; x_wconf 90' lang='grc' dir='ltr'><strong><em>μετά</em></strong></span> <span class='ocrx_word' id='word_1_161' title='bbox 1325 2578 1347 2617; x_wconf 82' lang='grc' dir='ltr'><strong><em>ιι</em></strong></span> 
     </span>
     <span class='ocr_line' id='line_1_22' title="bbox 355 2650 1313 2748; baseline 0.001 -24"><span class='ocrx_word' id='word_1_162' title='bbox 355 2683 445 2735; x_wconf 91' lang='grc' dir='ltr'><strong><em>τινος</em></strong></span> <span class='ocrx_word' id='word_1_163' title='bbox 467 2650 617 2738; x_wconf 79' lang='grc' dir='ltr'><strong><em>εὐταξίας</em></strong></span> <span class='ocrx_word' id='word_1_164' title='bbox 639 2657 695 2724; x_wconf 81' lang='grc' dir='ltr'><strong><em>καί</em></strong></span> <span class='ocrx_word' id='word_1_165' title='bbox 720 2651 984 2737; x_wconf 75' lang='grc' dir='ltr'><strong><em>άνακυκλοίσεως</em></strong></span> <span class='ocrx_word' id='word_1_166' title='bbox 1010 2662 1175 2747; x_wconf 84' lang='grc' dir='ltr'><strong><em>πυρριχίφ</em></strong></span> <span class='ocrx_word' id='word_1_167' title='bbox 1200 2656 1313 2748; x_wconf 83' lang='grc' dir='ltr'><strong><em>δρόμφ</em></strong></span> 
     </span>
    </p>

    <p class='ocr_par' dir='ltr' id='par_1_4' title="bbox 290 2755 1347 3573">
     <span class='ocr_line' id='line_1_23' title="bbox 290 2755 1313 2851; baseline 0.007 -29"><span class='ocrx_word' id='word_1_168' title='bbox 290 2771 342 2822; x_wconf 55' lang='grc'><strong><em>,10</em></strong></span> <span class='ocrx_word' id='word_1_169' title='bbox 355 2760 412 2828; x_wconf 87' lang='grc' dir='ltr'><strong><em>καὶ</em></strong></span> <span class='ocrx_word' id='word_1_170' title='bbox 435 2761 566 2851; x_wconf 78' lang='grc' dir='ltr'><strong><em>ῥυθμῷ.</em></strong></span> <span class='ocrx_word' id='word_1_171' title='bbox 619 2755 749 2847; x_wconf 86' lang='grc' dir='ltr'><strong><em>άρματά</em></strong></span> <span class='ocrx_word' id='word_1_172' title='bbox 767 2786 803 2828; x_wconf 89' lang='grc' dir='ltr'><strong><em>τε</em></strong></span> <span class='ocrx_word' id='word_1_173' title='bbox 823 2761 1030 2847; x_wconf 78' lang='grc' dir='ltr'><strong><em>περιέρχεται</em></strong></span> <span class='ocrx_word' id='word_1_174' title='bbox 1048 2755 1146 2850; x_wconf 77' lang='grc' dir='ltr'><strong><em>ὁμοίη</em></strong></span> <span class='ocrx_word' id='word_1_175' title='bbox 1167 2755 1313 2850; x_wconf 78' lang='grc' dir='ltr'><strong><em>εὐταξία,</em></strong></span> 
     </span>
     <span class='ocr_line' id='line_1_24' title="bbox 357 2858 1314 2952; baseline 0.003 -24"><span class='ocrx_word' id='word_1_176' title='bbox 357 2864 504 2949; x_wconf 91' lang='grc' dir='ltr'><strong><em>φέροντα</em></strong></span> <span class='ocrx_word' id='word_1_177' title='bbox 518 2858 596 2942; x_wconf 86' lang='grc' dir='ltr'><strong><em>τούς</em></strong></span> <span class='ocrx_word' id='word_1_178' title='bbox 609 2865 797 2947; x_wconf 78' lang='grc' dir='ltr'><strong><em>ἐφεστῶτας</em></strong></span> <span class='ocrx_word' id='word_1_179' title='bbox 810 2858 1058 2949; x_wconf 76' lang='grc' dir='ltr'><strong><em>ἠμφιεσμένους</em></strong></span> <span class='ocrx_word' id='word_1_180' title='bbox 1072 2860 1133 2949; x_wconf 75' lang='grc' dir='ltr'><strong><em>μὲν</em></strong></span> <span class='ocrx_word' id='word_1_181' title='bbox 1147 2859 1205 2941; x_wconf 84' lang='grc' dir='ltr'><strong><em>τάς</em></strong></span> <span class='ocrx_word' id='word_1_182' title='bbox 1218 2889 1314 2952; x_wconf 89' lang='grc' dir='ltr'><strong><em>περι-</em></strong></span> 
     </span>
     <span class='ocr_line' id='line_1_25' title="bbox 356 2962 1314 3053; baseline 0.002 -21"><span class='ocrx_word' id='word_1_183' title='bbox 356 2962 553 3051; x_wconf 81' lang='grc' dir='ltr'><strong><em>πορφύρους</em></strong></span> <span class='ocrx_word' id='word_1_184' title='bbox 566 2966 724 3051; x_wconf 80' lang='grc' dir='ltr'><strong><em>ἐσθῆτας,</em></strong></span> <span class='ocrx_word' id='word_1_185' title='bbox 745 2978 937 3051; x_wconf 79' lang='grc' dir='ltr'><strong><em>προσωπεῖα</em></strong></span> <span class='ocrx_word' id='word_1_186' title='bbox 950 2964 988 3033; x_wconf 72' lang='grc' dir='ltr'><strong><em>δὲ</em></strong></span> <span class='ocrx_word' id='word_1_187' title='bbox 1001 2968 1254 3053; x_wconf 85' lang='grc' dir='ltr'><strong><em>περικειμένους</em></strong></span> <span class='ocrx_word' id='word_1_188' title='bbox 1269 2971 1314 3035; x_wconf 87' lang='grc' dir='ltr'><strong><em>εί-</em></strong></span> 
     </span>
     <span class='ocr_line' id='line_1_26' title="bbox 356 3062 1347 3157; baseline 0.004 -24"><span class='ocrx_word' id='word_1_189' title='bbox 356 3065 458 3146; x_wconf 91' lang='grc' dir='ltr'><strong><em>κόυας</em></strong></span> <span class='ocrx_word' id='word_1_190' title='bbox 479 3071 596 3152; x_wconf 82' lang='grc' dir='ltr'><strong><em>ἔχοντα</em></strong></span> <span class='ocrx_word' id='word_1_191' title='bbox 622 3062 695 3134; x_wconf 83' lang='grc' dir='ltr'><strong><em>ὅσοι</em></strong></span> <span class='ocrx_word' id='word_1_192' title='bbox 717 3063 886 3153; x_wconf 87' lang='grc' dir='ltr'><strong><em>Ῥωμαίων</em></strong></span> <span class='ocrx_word' id='word_1_193' title='bbox 906 3066 1048 3149; x_wconf 80' lang='grc' dir='ltr'><strong><em>ἐνδόξως</em></strong></span> <span class='ocrx_word' id='word_1_194' title='bbox 1068 3068 1313 3157; x_wconf 77' lang='grc' dir='ltr'><strong><em>ἐστρατήγησαν</em></strong></span> <span class='ocrx_word' id='word_1_195' title='bbox 1326 3095 1347 3137; x_wconf 80' lang='grc' dir='ltr'><strong><em>α</em></strong></span> 
     </span>
     <span class='ocr_line' id='line_1_27' title="bbox 357 3163 1314 3261; baseline 0.005 -25"><span class='ocrx_word' id='word_1_196' title='bbox 357 3163 380 3255; x_wconf 85' lang='grc' dir='ltr'><strong><em>ῇ</em></strong></span> <span class='ocrx_word' id='word_1_197' title='bbox 403 3172 634 3255; x_wconf 81' lang='grc' dir='ltr'><strong><em>ἐβασίλευσαν.</em></strong></span> <span class='ocrx_word' id='word_1_198' title='bbox 670 3168 800 3237; x_wconf 77' lang='grc' dir='ltr'><strong><em>τούτων</em></strong></span> <span class='ocrx_word' id='word_1_199' title='bbox 824 3168 862 3237; x_wconf 74' lang='grc' dir='ltr'><strong><em>δέ</em></strong></span> <span class='ocrx_word' id='word_1_200' title='bbox 887 3174 1181 3240; x_wconf 88' lang='grc' dir='ltr'><strong><em>συντελεσθέντων</em></strong></span> <span class='ocrx_word' id='word_1_201' title='bbox 1201 3170 1314 3261; x_wconf 72' lang='grc' dir='ltr'><strong><em>λαβών</em></strong></span> 
     </span>
     <span class='ocr_line' id='line_1_28' title="bbox 359 3266 1314 3366; baseline 0.006 -28"><span class='ocrx_word' id='word_1_202' title='bbox 359 3269 515 3359; x_wconf 88' lang='grc' dir='ltr'><strong><em>λαμπάδα</em></strong></span> <span class='ocrx_word' id='word_1_203' title='bbox 528 3266 546 3339; x_wconf 86' lang='grc' dir='ltr'>ὁ</span> <span class='ocrx_word' id='word_1_204' title='bbox 560 3267 623 3358; x_wconf 79' lang='grc' dir='ltr'><strong><em>τὴν</em></strong></span> <span class='ocrx_word' id='word_1_205' title='bbox 636 3278 810 3360; x_wconf 88' lang='grc' dir='ltr'><strong><em>βασιλείαν</em></strong></span> <span class='ocrx_word' id='word_1_206' title='bbox 826 3274 1059 3361; x_wconf 80' lang='grc' dir='ltr'><strong><em>διαδεξάμενος</em></strong></span> <span class='ocrx_word' id='word_1_207' title='bbox 1073 3277 1258 3365; x_wconf 90' lang='grc' dir='ltr'><strong><em>προσφέρει</em></strong></span> <span class='ocrx_word' id='word_1_208' title='bbox 1270 3280 1314 3366; x_wconf 78' lang='grc' dir='ltr'><strong><em>τῇ</em></strong></span> 
     </span>
     <span class='ocr_line' id='line_1_29' title="bbox 360 3372 1312 3465; baseline 0.005 -24"><span class='ocrx_word' id='word_1_209' title='bbox 360 3372 528 3462; x_wconf 80' lang='grc' dir='ltr'><strong><em>οἰκήματι,</em></strong></span> <span class='ocrx_word' id='word_1_210' title='bbox 553 3378 641 3442; x_wconf 81' lang='grc' dir='ltr'><strong><em>οἵτε</em></strong></span> <span class='ocrx_word' id='word_1_211' title='bbox 661 3376 772 3444; x_wconf 80' lang='grc' dir='ltr'><strong><em>λοιποὶ</em></strong></span> <span class='ocrx_word' id='word_1_212' title='bbox 793 3376 1005 3463; x_wconf 86' lang='grc' dir='ltr'><strong><em>πανταχόθεν</em></strong></span> <span class='ocrx_word' id='word_1_213' title='bbox 1025 3384 1094 3465; x_wconf 84' lang='grc' dir='ltr'><strong><em>πῦρ</em></strong></span> <span class='ocrx_word' id='word_1_214' title='bbox 1114 3380 1312 3449; x_wconf 80' lang='grc' dir='ltr'><strong><em>ἐπιτιθέασι·</em></strong></span> 
     </span>
     <span class='ocr_line' id='line_1_30' title="bbox 359 3474 1312 3573; baseline 0.007 -29"><span class='ocrx_word' id='word_1_215' title='bbox 359 3476 467 3545; x_wconf 90' lang='grc' dir='ltr'><strong><em>πάντα</em></strong></span> <span class='ocrx_word' id='word_1_216' title='bbox 481 3476 519 3544; x_wconf 74' lang='grc' dir='ltr'><strong><em>δὲ</em></strong></span> <span class='ocrx_word' id='word_1_217' title='bbox 533 3479 636 3567; x_wconf 80' lang='grc' dir='ltr'><strong><em>ῥᾷστα</em></strong></span> <span class='ocrx_word' id='word_1_218' title='bbox 656 3474 836 3547; x_wconf 87' lang='grc' dir='ltr'><strong><em>άνάπτεται</em></strong></span> <span class='ocrx_word' id='word_1_219' title='bbox 858 3474 1010 3568; x_wconf 78' lang='grc' dir='ltr'><strong><em>εὐμαρῶς</em></strong></span> <span class='ocrx_word' id='word_1_220' title='bbox 1033 3476 1099 3549; x_wconf 79' lang='grc' dir='ltr'><strong><em>ὑπὸ</em></strong></span> <span class='ocrx_word' id='word_1_221' title='bbox 1115 3487 1176 3550; x_wconf 83' lang='grc' dir='ltr'><strong><em>τοῦ</em></strong></span> <span class='ocrx_word' id='word_1_222' title='bbox 1197 3480 1312 3573; x_wconf 87' lang='grc' dir='ltr'><strong><em>πυρός,</em></strong></span> 
     </span>
    </p>

    <p class='ocr_par' dir='ltr' id='par_1_5' title="bbox 294 3579 1348 3673">
     <span class='ocr_line' id='line_1_31' title="bbox 294 3579 1348 3673; baseline 0.007 -25"><span class='ocrx_word' id='word_1_223' title='bbox 294 3635 296 3639; x_wconf 48' lang='grc'><strong><em>.</em></strong></span> <span class='ocrx_word' id='word_1_224' title='bbox 361 3579 546 3671; x_wconf 90' lang='grc' dir='ltr'><strong><em>φρυγάνων</em></strong></span> <span class='ocrx_word' id='word_1_225' title='bbox 559 3607 595 3648; x_wconf 89' lang='grc' dir='ltr'><strong><em>τε</em></strong></span> <span class='ocrx_word' id='word_1_226' title='bbox 609 3581 761 3669; x_wconf 84' lang='grc' dir='ltr'><strong><em>πλήθους</em></strong></span> <span class='ocrx_word' id='word_1_227' title='bbox 775 3583 831 3651; x_wconf 83' lang='grc' dir='ltr'><strong><em>καλ</em></strong></span> <span class='ocrx_word' id='word_1_228' title='bbox 852 3582 1075 3672; x_wconf 92' lang='grc' dir='ltr'><strong><em>θυμιαμάτων</em></strong></span> <span class='ocrx_word' id='word_1_229' title='bbox 1088 3586 1313 3673; x_wconf 83' lang='grc' dir='ltr'><strong><em>ἐπινηθέντος.</em></strong></span> <span class='ocrx_word' id='word_1_230' title='bbox 1328 3609 1348 3654; x_wconf 80' lang='grc' dir='ltr'><strong><em>ιι</em></strong></span> 
     </span>
    </p>

    <p class='ocr_par' dir='ltr' id='par_1_6' title="bbox 311 3683 1314 3777">
     <span class='ocr_line' id='line_1_32' title="bbox 311 3683 1314 3777; baseline 0.004 -22"><span class='ocrx_word' id='word_1_231' title='bbox 311 3702 344 3755; x_wconf 90' lang='grc'><strong><em>11</em></strong></span> <span class='ocrx_word' id='word_1_232' title='bbox 360 3687 396 3752; x_wconf 80' lang='grc' dir='ltr'><strong><em>ἐκ</em></strong></span> <span class='ocrx_word' id='word_1_233' title='bbox 410 3683 448 3753; x_wconf 75' lang='grc' dir='ltr'><strong><em>δέ</em></strong></span> <span class='ocrx_word' id='word_1_234' title='bbox 462 3689 522 3752; x_wconf 83' lang='grc' dir='ltr'><strong><em>τοῦ</em></strong></span> <span class='ocrx_word' id='word_1_235' title='bbox 537 3691 730 3753; x_wconf 88' lang='grc' dir='ltr'><strong><em>τελευταίου</em></strong></span> <span class='ocrx_word' id='word_1_236' title='bbox 744 3687 800 3753; x_wconf 86' lang='grc' dir='ltr'><strong><em>καὶ</em></strong></span> <span class='ocrx_word' id='word_1_237' title='bbox 813 3687 1023 3774; x_wconf 84' lang='grc' dir='ltr'><strong><em>βραχυτάτου</em></strong></span> <span class='ocrx_word' id='word_1_238' title='bbox 1043 3690 1314 3777; x_wconf 85' lang='grc' dir='ltr'><strong><em>κατασκευάσμα-</em></strong></span> 
     </span>
    </p>
   </div>
   <div class='ocr_carea' id='block_1_3' title="bbox 269 3782 1315 3884">
    <p class='ocr_par' dir='ltr' id='par_1_7' title="bbox 269 3782 1315 3884">
     <span class='ocr_line' id='line_1_33' title="bbox 269 3782 1315 3884; baseline 0.009 -32"><span class='ocrx_word' id='word_1_239' title='bbox 269 3805 293 3884; x_wconf 53' lang='lat' dir='ltr'>fl</span> <span class='ocrx_word' id='word_1_240' title='bbox 353 3814 422 3873; x_wconf 87' lang='grc' dir='ltr'><strong><em>τος,</em></strong></span> <span class='ocrx_word' id='word_1_241' title='bbox 450 3782 566 3880; x_wconf 76' lang='grc' dir='ltr'><strong><em>ὥσπερ</em></strong></span> <span class='ocrx_word' id='word_1_242' title='bbox 585 3784 653 3859; x_wconf 87' lang='grc' dir='ltr'><strong><em>άπό</em></strong></span> <span class='ocrx_word' id='word_1_243' title='bbox 673 3816 762 3871; x_wconf 89' lang='grc' dir='ltr'><strong><em>τινος</em></strong></span> <span class='ocrx_word' id='word_1_244' title='bbox 783 3785 962 3877; x_wconf 84' lang='grc' dir='ltr'><strong><em>έπάλξεως,</em></strong></span> <span class='ocrx_word' id='word_1_245' title='bbox 984 3786 1078 3870; x_wconf 86' lang='grc' dir='ltr'><strong><em>άετός</em></strong></span> <span class='ocrx_word' id='word_1_246' title='bbox 1098 3785 1234 3879; x_wconf 86' lang='grc' dir='ltr'><strong><em>άφίεται</em></strong></span> <span class='ocrx_word' id='word_1_247' title='bbox 1252 3789 1315 3861; x_wconf 72' lang='grc' dir='ltr'><strong><em>σὺν</em></strong></span> 
     </span>
    </p>
   </div>
   <div class='ocr_carea' id='block_1_4' title="bbox 0 0 1583 4367">
    <p class='ocr_par' dir='ltr' id='par_1_8' title="bbox 0 0 1583 4367">
     <span class='ocr_line' id='line_1_34' title="bbox 0 0 1583 4367; baseline 0 0"><span class='ocrx_word' id='word_1_248' title='bbox 0 0 1583 4367; x_wconf 95' lang='lat' dir='ltr'><strong><em> </em></strong></span> 
     </span>
    </p>
   </div>
  </div>
 </body>
</html>
