3134 4367
666 428 883 493 EBAOMON
1188 430 1244 495 181

289 604 350 672 καὶ
363 606 474 682 ἰππεῖς
488 598 633 692 άριστοι,
649 598 694 682 ῶς
707 603 763 672 καλ
775 608 922 691 χαλινῶν
937 599 1020 671 άνευ
1034 604 1146 700 ῥάβδφ
1160 606 1246 696 μόνη

287 705 353 775 ’τόν
367 705 494 795 δρόμον
507 712 575 775 τῶν
589 710 701 775 ἵππων
713 712 895 795 κυβερνᾶν.
947 710 1050 798 ῥᾷστα
1072 703 1135 779 οὖν
1153 712 1245 798 ἐτρέ-
1259 718 1275 772 7

290 824 399 891 ψαντο
412 816 481 878 τῶν
493 814 735 899 Καρχηδονίων
749 806 786 879 τὸ
800 816 947 897 πλῆθος,
965 814 1061 898 οἵπερ
1082 808 1143 900 οόχ
1161 808 1248 883 ύπο-

291 920 467 1001 μείναντες
480 909 595 981 αὐτῶν
607 908 669 999 τήν
688 912 848 1001 ἐμβολήν,
869 911 976 982 πάντα
993 915 1150 1002 ῥίψαντες
1162 922 1248 1004 ἐφυ-

260 1037 375 1104 σγου·
403 1009 595 1103 ῶθούμευοι
620 1015 658 1083 δέ
680 1010 743 1084 ὑπ’
771 1012 926 1103 άλλήλων
951 1017 1009 1085 καὶ
1035 1016 1248 1104 πατούμενοι,

292 1124 432 1198 πλείους
446 1115 512 1187 ὑπὸ
530 1124 591 1187 τού
605 1124 731 1187 οἰκείου
748 1118 902 1206 πλήθους
921 1117 1119 1208 ἐφθάρησαν
1133 1115 1155 1208 ή
1168 1117 1250 1209 πρὸς

291 1229 363 1291 τῶν
377 1229 554 1309 πολεμίων.
583 1227 669 1290 ἔνθα
683 1222 739 1289 καλ
752 1218 770 1290 ὁ
785 1227 845 1290 τοῦ
859 1228 1048 1308 Γορδιανού
1068 1220 1142 1303 υίὸς
1158 1220 1253 1293 άπῶἢ

293 1334 371 1394 λετο
386 1329 422 1392 οί
432 1352 467 1393 τε
480 1326 557 1413 περὶ
570 1321 675 1394 αὐτὸν
688 1323 825 1411 πάντες,
840 1321 885 1406 ῶς
898 1323 954 1394 διά
974 1331 1104 1448 πλήθος
1118 1325 1253 1413 πτωμά-

294 1455 364 1497 των
389 1427 471 1516 μήτε
498 1433 630 1515 νεκρῶν
651 1423 826 1516 άναίρεσιυ
847 1425 931 1516 πρός
958 1426 1070 1517 ταφήν
1091 1432 1252 1518 γενέσθαι

252 1558 277 1597 ιο
295 1536 489 1619 δυνηθήναι
504 1530 585 1620 μήτε
600 1528 637 1599 τό
650 1537 712 1599 τοῦ
732 1533 813 1599 νέου
832 1536 1023 1619 Γορδιανοῦ
1041 1539 1136 1620 σῶμα
1156 1528 1253 1619 εύρε-

293 1637 411 1721 θῆναι.
441 1634 525 1702 οί
490 1662 552 1722 μεν
568 1630 633 1722 γάρ
647 1633 847 1757 φεύγοντες,
861 1628 933 1703 ὅσοι
948 1662 985 1704 τε
998 1625 1083 1723 ήσαν
1099 1638 1252 1724 εἰσρυέν-
1264 1644 1282 1699 8

294 1765 349 1817 τες
369 1733 458 1817 ἐς
422 1765 484 1824 την
496 1734 738 1827 Καρχηδόνα”
718 1757 791 1806 οσοι
814 1763 851 1804 τε
873 1744 994 1807 λαθεῖν
1019 1735 1253 1827 ἠδυνήθησαν,

294 1842 539 1923 σκεδασθέντες
553 1844 586 1920 ἐς
598 1836 756 1910 πᾶσαν
722 1866 784 1927 την
798 1838 912 1927 πόλιν,
927 1832 1034 1911 οὖσαν
1047 1849 1206 1930 μεγίστην
1219 1866 1255 1909 τε

294 1945 353 2013 καί
367 1943 504 2031 πολλήν,
520 1940 628 2031 ὀλίγοι
649 1946 686 2013 έκ
701 1950 835 2013 πολλῶν
854 1942 1047 2034 ἐσώθησαν·
1066 1942 1103 2013 τό
1125 1945 1163 2015 δέ
1184 1952 1255 2013 λοι-

254 2068 278 2108 15
295 2046 362 2116 πὸν
378 2052 508 2133 πλήθος
527 2048 604 2133 περὶ
620 2062 691 2128 ταῖς
711 2045 831 2128 πύλαις
845 2047 1175 2137 στενοχωρούμευον,
1190 2073 1256 2116 πα-

295 2153 472 2240 ρεισδῦναι
485 2149 729 2234 σπουδάζοντος
741 2150 898 2239 ἑκάστου,
917 2150 1124 2239 βαλλόμενόν
1137 2178 1173 2219 τε
1187 2146 1254 2219 ύπό

294 2260 365 2322 τῶν
381 2249 585 2322 ἀκοντιστῶν
598 2255 654 2323 καλ
668 2252 933 2342 τιτρωσκόμενον
947 2252 1013 2325 ὑπὸ
1027 2260 1095 2323 τῶν
1109 2250 1255 2323 ὁπλιτῶν

296 2362 522 2445 διεφθείρετο.
574 2355 680 2446 πολλή
697 2358 735 2427 δὲ
753 2355 880 2445 οἰμωγή
894 2357 977 2428 κατὰ
996 2354 1057 2445 τήν
1077 2357 1176 2427 πόλιν
1189 2383 1253 2443 γν-
1270 2366 1288 2420 9

296 2465 426 2530 ναικῶυ
440 2462 545 2529 τεκαὶ
559 2466 720 2548 παιδίων,
737 2450 787 2528 ῶν
800 2463 838 2528 ἐν
852 2457 927 2542 όψει
942 2467 977 2530 oc
996 2467 1149 2549 φίλτατοι
1163 2457 1257 2526 άπιό-

253 2588 281 2629 εο
297 2571 407 2632 λοντο.
435 2564 543 2652 ἕτεροι
558 2565 598 2632 δέ
614 2584 735 2651 φασιν,
757 2559 801 2643 ῶς
821 2562 862 2650 δή
882 2570 986 2631 ταῦτα
1007 2572 1093 2632 οἴκοι
1113 2587 1258 2648 μεμενη-

297 2665 373 2735 κότι
396 2662 452 2734 διὰ
473 2673 579 2754 γήρας
598 2672 645 2758 τῷ
664 2665 834 2755 πρεσβύτῃ
853 2670 1029 2757 Γορδιαυῶ
1049 2660 1218 2751 ἀπηγγέλη
1241 2657 1259 2730 ὅ

297 2796 336 2839 τε
352 2765 583 2849 Καπελλιαυός
604 2768 809 2838 εἰσελαύνων
828 2770 862 2849 ἐς
883 2764 945 2855 τήν
959 2766 1160 2857 Καρχηδόνα
1179 2768 1259 2854 ἐδη-

298 2869 414 2960 λῶθη,
428 2874 466 2940 ἐν
479 2869 667 2960 άπογνῶσει
681 2872 720 2941 δὲ
733 2870 870 2941 πάντων
883 2869 1077 2959 γενόμενος,
1094 2867 1259 2940 εἰσελθῶυ

298 2974 402 3065 μόνος
416 2977 449 3056 ἐς
462 2972 521 3044 τὸν
539 2981 689 3046 οἰκίσκον
708 2972 752 3056 ῶς
766 2972 808 3063 δή
822 2975 1061 3064 καθευδήσων,
1083 2973 1260 3063 ἐξαρτήσας

257 3110 284 3151 ετ
299 3069 340 3167 ἧς
353 3080 535 3167 ἐπεφέρετο
549 3078 652 3168 ζῶνης
664 3078 725 3149 τόν
739 3078 903 3171 τράχηλον
917 3080 954 3147 ἐν
968 3077 1090 3171 βρόχφ,
1103 3084 1164 3146 τοῦ
1181 3084 1259 3165 βίον

301 3178 524 3253 άνεπαύσατο.

404 3283 545 3377 τοιοότφ
559 3286 622 3373 μὲν
638 3281 679 3372 δή
694 3286 780 3354 τέλει
793 3280 977 3373 Γορδιανὸς
991 3281 1160 3371 ἐχρήσατο,
1176 3281 1259 3371 βιῶ·
1277 3300 1310 3352 10

300 3409 363 3469 σας
376 3385 418 3457 τὰ
430 3395 544 3476 πρῶτα
564 3385 779 3475 εύδαιμόνως,
795 3390 832 3457 ἐν
848 3386 952 3456 εἰκόνι
972 3412 1008 3454 τε
1022 3392 1191 3474 βασιλείας
1204 3412 1260 3453 τε-

294 3491 481 3617 -λεφτήσας
502 3487 519 3560 ὁ
536 3490 573 3559 δὲ
586 3488 818 3570 Καπελλιανδς
832 3494 865 3569 ἐς
878 3488 1079 3619 Καρχηδόνα
1097 3485 1261 3558 εἰσελθῶν

260 3623 286 3663 το
304 3593 433 3674 πάντας
446 3622 482 3663 τε
497 3592 574 3673 τοὺς
588 3590 819 3684 πρωτεύοντας
832 3589 1039 3680 ἀπέκτεινεν,
1058 3601 1092 3660 εἰ
1104 3617 1195 3667 τινες
1204 3590 1266 3655 καὶ

303 3696 483 3783 ἐστάθησαν
493 3700 587 3765 ἐκ
545 3725 603 3786 της
608 3725 727 3789 μαχης,
746 3695 906 3789 έφείδετό
918 3725 966 3769 τε
972 3692 1056 3767 οὐτε
1061 3698 1166 3779 ἱερου
1182 3684 1296 3799 ουλνῖθ

285 3794 466 3875 σεωςούτε
478 3802 672 3892 χρημάτων
692 3810 893 3880 ἰδιωτικῶν
909 3833 949 3878 τε
974 3802 1039 3874 καλ
1053 3794 1240 3884 &mmmm
1259 3802 1329 3860 ‘W'
