3134 4367
670 417 893 479 AEYTEPON
1220 418 1260 478 55

301 581 396 655 όδού.
452 589 524 657 ἐπεὶ
542 588 579 657 δέ
595 586 680 657 κατά
699 587 760 676 την
774 596 832 676 τῆς
848 586 970 679 ἀγοράς
991 585 1096 680 ἀρχὴν
1117 591 1258 680 ἐγένετο,
1274 600 1293 661 6

302 696 389 758 ἔνθα
404 692 460 759 ἐπὶ
473 698 529 779 τῆς
549 696 771 782 δημοκρατίας
793 692 956 781 πρότερον
975 687 992 760 ό
1014 698 1116 781 δῆμος
1135 691 1263 764 συνιών

302 796 534 881 έκκλησίαζεν,
553 790 648 886 ςόήθη
669 793 730 864 τόν
750 801 854 864 ἵππον
874 792 1115 865 ἀποτείσασθαι
1129 796 1190 885 μὲν
1204 794 1264 866 τόν

301 903 496 987 Περτίνακα
509 899 566 966 καλ
579 901 690 986 ῥῖψαι,
711 894 803 990 αύτῷ
820 898 857 967 δὲ
877 896 984 978 άλλως
1004 900 1118 967 ἑστῶτι
1133 897 1263 969 ύποδύ-

271 1025 285 1065 ε
302 1007 363 1068 ναί
375 1027 412 1068 τε
426 996 531 1069 αύτόν
544 1002 601 1094 καλ
614 997 782 1090 ἀράμενον
800 1003 854 1070 ἐπὶ
873 1017 941 1082 τοῖς
959 1000 1076 1081 νώτοις
1093 1003 1210 1090 φέρειν
1228 1029 1263 1072 τε

302 1098 463 1190 ἀσφαλώς
481 1105 537 1173 καὶ
557 1110 673 1191 στῆναι
692 1111 837 1192 βεβαίως
857 1107 912 1173 ἐπὶ
930 1111 987 1191 τῆς
1008 1101 1132 1194 ἀγοράς
1152 1106 1263 1192 μέσης,

302 1209 336 1285 ές
350 1202 438 1287 ύψος
453 1202 579 1295 άραντα
593 1206 650 1276 τόν
664 1215 818 1295 Σευῆρον
833 1202 877 1287 ώς
890 1204 957 1276 ἀπὸ
971 1207 1106 1276 πάντων
1119 1202 1268 1295 ὁρᾶσθαί

303 1336 339 1377 τε
358 1311 416 1377 καὶ
436 1315 606 1398 τιμᾶσθαι.
645 1312 738 1398 μένει
760 1310 799 1378 δὲ
814 1312 869 1380 καὶ
883 1314 916 1391 ές
930 1305 1013 1397 ἡμᾶς
1028 1313 1065 1381 έν
1082 1313 1199 1402 ἐκείνῳ
1219 1316 1265 1403 τῷ

303 1419 417 1504 χωρίῳ
428 1409 450 1501 ἡ
463 1419 523 1481 τού
533 1408 703 1502 ὀνείρατος
713 1411 814 1483 είκών
823 1421 971 1502 μεγίστη,
985 1420 1108 1500 χαλκοῦ
1124 1440 1265 1502 πεποιη-

264 1546 287 1585 ιι
302 1515 398 1603 μένη.
453 1510 541 1584 ούτω
558 1523 675 1586 τοίνυν
696 1512 714 1586 ό
737 1522 888 1606 Σευηρος
907 1511 1026 1606 ἀρθεὶς
1041 1514 1102 1604 τὴν
1116 1516 1264 1605 γνώμην,
1280 1532 1295 1587 7

306 1611 449 1702 έλπιῖών
468 1646 504 1688 τε
524 1626 605 1710 θείῳ
623 1626 766 1711 προνοίᾳ
786 1621 840 1688 ἐπὶ
866 1616 928 1708 την
953 1616 1059 1708 ἀρχὴν
1078 1628 1266 1706 καλεῖσθαι,

305 1719 495 1811 ἀπόπειραν
514 1725 656 1791 ἐποιεῖτο
670 1730 727 1810 τῆς
747 1728 816 1791 τών
833 1728 1045 1812 στρατιωτῶν
1057 1721 1207 1810 γνώμης,
1227 1718 1268 1790 τά

306 1818 506 1916 μὲνΐπρώτα
525 1822 599 1895 κατ’
623 1820 759 1913 ὀλίγους
778 1821 943 1914 ἡγεμόνας
964 1851 1000 1894 τε
1022 1826 1079 1893 καλ
1098 1823 1268 1912 χιλιάρχας

306 1926 384 2009 τούς
399 1955 435 1996 τε
450 1930 487 1997 ἐν
504 1944 572 2009 τοῖς
586 1930 822 2017 στρατοπέδοις
842 1930 1009 2016 ἐξέχοντας
1028 1927 1266 2017 οἰκειούμενος,

266 2032 363 2103 τεκαὶ
382 2033 534 2120 περὶτῆς
553 2026 655 2121 ἀρχῆς
677 2039 746 2101 τών
764 2027 933 2119 Ῥωμαίων
951 2030 1201 2120 διαλεγόμενος,
1223 2025 1268 2111 ώς

306 2133 518 2204 παντάπασιν
539 2141 691 2225 ἔρριπται
709 2130 850 2215 ούδενός
871 2131 967 2215 όντος
985 2140 1045 2203 τού
1066 2140 1228 2222 γενναίως
1245 2128 1268 2221 ἦ

307 2234 382 2308 κατ’
399 2235 496 2320 ἀξίαν
516 2234 624 2326 αύτὴν
642 2244 861 2318 διοικοῦντος.
908 2239 1061 2327 διέβαλλε
1081 2237 1118 2306 δέ
1137 2234 1215 2318 τοὺς
1231 2238 1297 2307 ένδ

303 2337 410 2431 Ῥώμη
425 2339 627 2429 στρατιώτας
640 2336 684 2422 ώς
698 2338 858 2421 ἀπίστους
878 2342 934 2409 καὶ
954 2348 1112 2433 βασιλείῳ
1132 2342 1190 2409 καλ
1211 2342 1227 2409 ἐ
1250 2380 1269 2391 -

308 2452 423 2536 φνλίῳ
444 2448 556 2532 αἵματι
576 2443 758 2532 μιάναντας
775 2441 835 2514 τόν
865 2439 986 2534 όρκον,
1014 2446 1110 2532 ἔλεγέ
1133 2471 1169 2511 τε
1196 2447 1269 2510 δεῖν

267 2575 294 2614 ω
309 2551 478 2636 ἐπαμῦναι
490 2549 547 2616 καὶ
566 2550 759 2629 ἐπεξελθεῖν
773 2553 819 2639 τῷ
832 2554 1039 2636 Περτίνακος
1057 2544 1162 2638 φόνῳ.
1194 2540 1269 2633 ᾔδει

309 2656 330 2720 δ
332 2650 348 2719 ὲ
361 2650 487 2730 πάντας
497 2648 574 2732 τούς
588 2649 671 2719 κατά
681 2648 718 2718 τό
729 2646 913 2738 Ἰλλυρικὸν
928 2646 1128 2738 στρατιώτας
1141 2672 1268 2734 μεμνη-

309 2755 432 2843 μένους
451 2761 509 2842 της
530 2759 738 2841 Περτίνακος
758 2748 954 2841 ἡγεμονίας·
974 2746 1041 2820 ύπό
1058 2747 1121 2837 γάρ
1136 2748 1299 2841 Μάρκῳ9

310 2856 524 2945 βασιλεύοντι
540 2854 647 2926 πολλὰ
668 2860 798 2945 ἐγείρας
818 2851 883 2922 σύν
899 2849 1014 2935 αύτοῖς
1034 2851 1117 2922 κατά
1138 2858 1271 2942 Γερμα-

310 2967 381 3029 νών
394 2960 553 3049 τρόπαια,
568 2958 749 3049 στρατηγός
762 2986 799 3027 τε
813 2958 869 3026 καὶ
890 2952 1024 3046 ἡγεμών
1043 2964 1111 3027 τών
1129 2953 1272 3045 Ἰλλνρι-

271 3096 296 3137 τι
313 3070 384 3132 κών
400 3070 630 3151 κατασταθείς,
645 3059 807 3153 ἀνδρείαν
822 3060 884 3149 μὲν
899 3067 1009 3131 πᾶσαν
1019 3065 1056 3130 έν
1069 3075 1139 3142 ταῖς
1153 3058 1272 3148 μάχαις

312 3164 395 3256 πρός
408 3164 488 3246 τούς
501 3173 680 3255 πολεμίους
694 3166 913 3251 ἐπεδέδεικτο,
923 3161 1060 3234 εύνοιαν
1074 3164 1111 3233 δὲ
1125 3164 1181 3232 καὶ
1189 3192 1273 3253 χρη-

312 3269 454 3357 στότητα
476 3266 558 3356 μετά
578 3269 753 3359 σώφρονος
776 3269 833 3337 καὶ
854 3258 1021 3348 έπιεικούς
1036 3270 1186 3350 ἐξουσίας
1206 3282 1274 3347 τοίς

314 3370 510 3462 ἀρχομένοις
536 3374 737 3460 παρίσχητο,
760 3367 844 3440 ὅθεν
865 3367 971 3451 αύτού
991 3368 1053 3459 τὴν
1070 3369 1204 3459 μνήμην
1224 3397 1274 3438 τι-

315 3483 442 3564 μώντες
456 3477 511 3545 ἐπὶ
525 3490 594 3555 τοῖς
613 3471 718 3555 οὕτως
739 3471 835 3563 ώμώς
853 3470 927 3541 κατ’
951 3469 1056 3542 αύτού
1076 3471 1276 3561 τετολμημέ-

278 3606 302 3647 ιο
319 3607 390 3660 νοις
402 3576 625 3667 ἠγανάκτουν,
678 3577 799 3665 ταύτης
820 3574 861 3665 δὴ
885 3584 942 3664 τῆς
960 3576 1157 3664 προφάσεως
1171 3570 1269 3662 λαβό-
1292 3597 1326 3649 10

318 3710 417 3770 μενος
442 3678 460 3751 ό
487 3687 638 3770 Σευηρος
662 3676 814 3769 εύμαρώς
834 3676 958 3758 αύτούς
985 3676 1041 3768 ἐφ’
1069 3676 1091 3748 ά
1117 3674 1274 3764 ἐβούλετο

320 3781 527 3875 ὑπηγάγετο,
541 3780 829 3877 προσποιούμενος
849 3779 913 3875 ούχ
925 3778 1014 3854 οὕτω
1029 3787 1089 3884 τῆς
1102 3776 1209 3867 &Q
1221 3774 1286 3845 δν·
