3134 4367
327 435 368 495 24
717 436 895 495 ΠΡΩΤΟΝ

297 623 313 679 7
328 610 536 697 ἐτίτρωσκον.
589 604 658 677 ὁδέ
672 612 774 697 δήμος
796 604 876 676 οῦδὲ
890 604 1083 694 ἀντιστῆναι
1098 602 1166 687 οἷός
1179 634 1214 676 τε
1229 598 1284 695 ήν,

326 710 466 781 ἄνοπλοι
487 708 569 800 πρὸς
588 706 820 799 ὡπλισμένους
844 712 901 779 καί
927 711 1019 792 πεζοὶ
1045 708 1127 800 πρός
1155 708 1288 791 ίιιπείςῖ

325 820 447 904 τροπής
462 815 500 884 δέ
512 818 691 904 γενομένης
705 821 834 902 ἔφυγον
849 817 881 894 ἐς
893 811 955 902 τήν
969 812 1077 882 πόλιν.
1102 818 1280 904 ἐφθείρετο

325 918 363 987 δέ
377 914 395 988 ὁ
410 924 511 1007 δήμος
524 916 564 987 οῦ
578 918 681 1006 μόνον
694 917 897 1006 βαλλόμενος
909 912 976 986 ῦπό
989 913 1058 985 τῶν
1071 923 1283 1008 στρατιωτῶν

325 1018 405 1090 οῦδὲ
419 1022 625 1109 πατούμενος
638 1017 705 1091 ῦπδ
718 1027 787 1090 τῶν
806 1025 935 1106 ἵππων,
956 1017 1031 1089 ἀλλ’
1054 1016 1121 1090 ῦπό
1138 1048 1173 1090 τε
1193 1020 1277 1111 πλή-
1295 1053 1310 1093 ε

324 1135 410 1204 θους
432 1122 622 1212 ῶθοάμενοι
641 1127 698 1194 καί
718 1120 784 1193 ῦπδ
805 1130 873 1193 τῶν
894 1124 1023 1193 ίππέων
1043 1122 1095 1192 ἐπ’
1119 1122 1283 1213 ἀλλήλους

294 1240 312 1294 8
328 1235 503 1309 πίπτοντες
517 1229 633 1298 πολλοὶ
646 1226 829 1298 ἀπῶλοντο.
881 1230 975 1316 μέχρι
989 1226 1050 1316 μὲν
1064 1218 1126 1297 οῦν
1145 1235 1212 1298 τῶν
1225 1234 1283 1316 τής

319 1327 441 1420 Ῥῶμης
463 1336 580 1402 πυλῶν
606 1328 785 1411 ἀκωλύτως
811 1336 845 1400 οί
863 1335 973 1411 ίππεῑς
1001 1330 1178 1412 διῶκοντες
1204 1329 1282 1411 τοῦς

323 1438 544 1523 ἐμπίπτοντας
556 1432 704 1523 ἀφειδῶς
717 1432 884 1524 ἀνῄρουν·
900 1435 973 1503 ἐπεὶ
988 1434 1025 1503 δέ
1036 1440 1070 1503 οἰ
1081 1437 1118 1504 ἐν
1131 1441 1172 1525 τῇ
1185 1433 1280 1503 πόλει

322 1545 511 1627 μείναντες,
539 1539 736 1627 αἰσθόμενοι
763 1536 801 1607 τό
826 1534 1026 1626 κατειληφός
1049 1538 1173 1624 πάθος,
1195 1535 1277 1607 ἀπο·
1299 1565 1324 1605 ια

321 1648 513 1722 κλείσαντες
526 1640 584 1722 τάς
596 1648 665 1712 τῶν
685 1648 802 1712 οἰκιῶν
816 1641 966 1721 εἰσόδους
980 1647 1014 1721 ἐς
1027 1668 1063 1710 τε
1077 1638 1117 1710 τά
1131 1642 1280 1730 δωμάτια

321 1743 507 1833 ἀναβάντες
520 1753 630 1826 λίθοις
643 1748 700 1815 καί
719 1744 876 1835 κεράμοις
897 1752 1040 1832 ἔβαλλον
1059 1742 1137 1825 τοῦς
1157 1750 1280 1830 ίιιπείς,

320 1855 356 1918 οἳ
368 1849 405 1917 δὲ
420 1855 565 1937 ἔπασχον
577 1846 663 1937 άπερ
683 1848 905 1937 δεδράκεσαν,
927 1845 1066 1928 οῦδενδς
1085 1848 1146 1937 μὲν
1166 1845 1280 1928 αὐτοῖς

321 1951 491 2039 συστάδην
510 1954 699 2040 μαχομένου
706 2004 716 2038 ,
738 1957 799 2022 τοῦ
822 1951 859 2021 δέ
880 1951 1033 2041 πλήθους
1054 1954 1086 2033 ἐξ
1106 1949 1279 2039 ἀσφαλοῦς

318 2052 384 2144 ήδη
398 2054 579 2143 βάλλοντος
592 2052 723 2135 αὐτοῦς.
750 2053 1008 2144 τιτρωσκόμενοι
1027 2062 1145 2124 τοίνυν
1158 2056 1214 2123 καί
1232 2053 1277 2144 μή
1297 2087 1322 2127 15

319 2160 479 2246 φέροντες
498 2162 531 2238 ἐς
545 2157 659 2248 φυγήν
672 2158 877 2249 ἐτράπησαν,
892 2160 1009 2228 πολλοὶ
1023 2158 1060 2227 δέ
1080 2155 1192 2227 αῦτῶν
1206 2163 1276 2228 διε-

284 2278 302 2332 9
322 2269 523 2350 φθείροντο·
538 2258 606 2332 ῦπό
618 2290 655 2332 τε
667 2268 725 2351 τής
738 2267 807 2331 τῶν
820 2268 930 2332 λίθων
943 2266 1105 2349 συνεχοῦς
1124 2267 1225 2350 βολῆς
1246 2266 1282 2332 οἰ

319 2368 433 2449 ἵπποι,
447 2368 725 2453 καλινδουμένοις
738 2381 807 2445 τοῖς
821 2373 930 2445 λίθοις
944 2368 1182 2453 ἐπιβαίνοντες,
1198 2362 1276 2435 ῶλί-

318 2478 464 2538 σθαινον
483 2471 540 2538 καί
560 2466 638 2549 τοῦς
659 2468 818 2559 ἐπιβάτας
837 2466 1051 2538 ἀπωθοῦντο.
1084 2473 1220 2538 πολλῶν
1239 2468 1277 2538 δὲ

319 2573 529 2662 ἑκατέρωθεν
541 2572 733 2643 πιπτόντων
753 2572 966 2662 ἐπεβοήθουν
985 2577 1033 2664 τῶ
1052 2570 1146 2665 δήμφ
1164 2572 1221 2641 καὶ
1242 2577 1278 2642 οἰ
1293 2596 1321 2637 νο

269 2676 374 2763 13τής
388 2674 514 2757 πόλεως
528 2679 619 2760 πεζοί
631 2682 829 2767 στρατιῶται
850 2684 939 2764 μίσει
958 2681 1026 2746 τῶν
1045 2677 1184 2744 ἱππέων.
1216 2672 1274 2745 όν-

315 2804 371 2858 τος
384 2779 422 2848 δέ
436 2784 583 2868 πολέμου
603 2784 770 2868 ἐμφυλίου
790 2779 888 2859 ἀλλος
908 2780 970 2868 μὲν
991 2775 1102 2858 οῦδείς
1122 2776 1275 2866 ἀγγείλαι

315 2878 355 2949 τά
369 2882 578 2970 πραττόμενα
591 2888 638 2975 τῶ
645 2882 813 2975 Κομμόδφ
828 2882 983 2971 ἐβούλετο
998 2884 1065 2950 δέει
1076 2882 1265 2971 τήςΚλεάν-

316 2988 400 3071 δρου
414 2987 580 3067 ἐξουσίας·
595 2980 616 3073 ή
631 2985 669 3054 δέ
682 2985 892 3075 πρεσβυτάτη
901 2990 969 3053 τῶν
977 2985 1160 3073 Κομμόδου
1173 2983 1273 3055 ἀδελ-

315 3091 392 3174 φῶν
405 3089 571 3171 (Φαδίλλα
585 3078 628 3176 ἦν
642 3084 747 3176 ὄνομα
763 3084 863 3177 αῦτή)
879 3094 1104 3177 εἰσδραμοῦσα
1118 3086 1200 3179 πρὸς
1213 3087 1273 3160 τόν
1289 3116 1317 3157 τε

315 3192 453 3279 βασιλέα
467 3194 583 3282 (ῥᾳδία
603 3190 640 3259 δὲ
659 3186 681 3279 ή
697 3196 826 3271 εἰσοδος
846 3189 941 3281 αῦτήο
950 3193 1007 3260 καί
1027 3190 1197 3273 ἀκῶλντος
1216 3190 1273 3262 άτε

294 3289 469 3383 ἀδελφή),
484 3295 654 3384 λυσαμένη
667 3293 725 3375 τάς
738 3303 850 3385 τρίχας
871 3295 996 3385 ῥίνασά
1016 3323 1053 3366 τε
1072 3299 1105 3376 ἐς
1125 3294 1188 3385 τήν
1207 3302 1274 3385 χήν

283 3397 455 3485 ἳὲαυτήν,
476 3394 578 3467 οῦδέν
598 3393 673 3467 ἀλλ’
697 3393 718 3488 ή
740 3397 889 3479 πένθους
915 3405 1024 3488 σχῆμα
1050 3402 1184 3481 δείξασα
1207 3395 1274 3469 “σῦ

312 3497 390 3589 μέν”
407 3493 543 3588 ἔφη,“ῶ
557 3508 712 3590 βασιλεῦ,
727 3506 840 3592 μένων
861 3504 915 3572 ἐπὶ
934 3498 1057 3594 ήσυχίμ
1075 3508 1143 3571 τῶν
1164 3527 1270 3590 πρατ-

311 3604 462 3693 τομένων
487 3602 625 3697 ἀγνοίᾳ,
653 3609 691 3676 ἐν
717 3606 842 3699 ἐσχάτφ
868 3608 1076 3695 καθέστηκας
1101 3606 1269 3700 κινδόνφ·
1286 3644 1315 3685 ³⁰

310 3702 405 3793 ἡμεῖς
425 3710 479 3794 δέ,
493 3706 530 3779 τὸ
557 3708 618 3779 σδν
642 3710 755 3796 γένος,
775 3706 855 3778 ὅσον
881 3706 1013 3779 οῦδέπω
1040 3704 1268 3797 ἀπολούμεθα.

288 3814 419 3884 omma
432 3814 484 3879 δέ
488 3832 543 3881 σοι
564 3810 590 3884 ὅ
604 3840 643 3883 τε
663 3817 769 3903 δῆμος
789 3808 957 3903 Ῥωμαίων
975 3812 1031 3882 καὶ
1056 3808 1094 3881 τὸ
1113 3822 1270 3882 πλεῖστον
