3134 4367
376 428 434 489 198
764 430 940 490 ΟΓΔΟΟΝ

371 574 561 688 Μαξιμίνος
579 606 765 688 μεμίσηται.
798 596 884 669 ὅθεν
900 603 938 669 ἐν
956 596 1147 687 ἀποχνύσει
1166 589 1257 687 ἦσαν
1276 601 1328 668 καὶ

371 703 509 773 πάντων
521 702 640 771 σπάνει
653 708 688 771 ολ
702 710 917 791 στρατιῶται,
933 701 1055 791 σχεδὸν
1067 698 1328 783 καὶύδατοςαύ-

341 824 357 880 7
371 813 443 876 τοῦ.
495 802 515 875 δ
532 804 596 895 γὰρ
610 796 654 893 ἦν
666 806 772 893 μόνον
784 810 823 876 ἐκ
840 814 900 876 τοῦ
913 808 1163 896 παραρρέοντος
1177 814 1327 895 ποταμοῦ

371 907 491 995 ποτόν,
508 914 621 997 αἵματι
632 911 690 977 καλ
702 908 823 997 φόνοις
834 912 1059 998 μεμιασμένον
1072 912 1223 979 ἐπίνετο·
1245 914 1281 978 ολ
1295 936 1327 977 τε

369 1011 435 1101 γὰρ
457 1007 646 1101 Ἀκνληοιοι
667 1010 748 1092 τούς
769 1015 808 1082 ἐν
829 1020 869 1103 τῇ
892 1014 990 1083 πόλει
1011 1019 1239 1094 τελευτῶντας
1264 1009 1345 1082 ούκῡ

370 1124 501 1203 ἔχοντες
513 1111 604 1195 ὅπως
620 1114 790 1203 θάψωσιν,
805 1119 839 1196 ἐς
851 1114 912 1185 τόν
925 1112 1076 1203 ποταμόν
1088 1111 1326 1205 ἀπερρίπτουν,

370 1224 459 1290 οἵτε
479 1221 583 1310 ἐντῷ
604 1226 733 1311 στρατῷ
755 1218 979 1307 φονευόμενοι
1000 1213 1023 1307 ἦ
1050 1218 1328 1310 διαφθειρόμενοι

369 1321 460 1413 νόσφ
479 1325 632 1392 ἐδίδοντο
650 1329 697 1413 τῷ
718 1322 875 1411 ῥεύματι,
896 1320 960 1393 ούκ
985 1321 1132 1410 ἑχόντων
1154 1318 1272 1392 αὐτῶν
1290 1320 1328 1391 τά

370 1422 455 1514 πρός
467 1422 575 1513 ταφὰς
588 1425 769 1512 ἐπιτήδεια.

338 1534 357 1587 8
473 1532 688 1616 παντοδαπῆς
709 1519 773 1599 οὖν
797 1524 938 1618 ἀπορίας
963 1528 1021 1597 καὶ
1047 1532 1244 1615 δυσθυμίας
1270 1524 1327 1595 τὸν
1342 1553 1360 1592 ιο

370 1629 514 1720 στρατόν
539 1630 756 1720 κατεχούσης,
783 1636 964 1720 αἰφνιδίως
987 1627 1249 1718 ἀναπαυομένου
1269 1636 1327 1698 τοῦ

369 1738 566 1823 Μαξιμίνου
585 1737 623 1805 ἐν
636 1741 677 1825 τῇ
696 1741 821 1824 σκηνῇ,
844 1736 902 1805 καὶ
921 1740 980 1824 τῆς
998 1729 1122 1823 ἡμέρας
1142 1735 1275 1821 έκείνης
1292 1735 1327 1802 έν

370 1835 484 1907 ἀνέσει
501 1845 562 1907 τού
578 1840 727 1925 πολέμου
746 1835 867 1926 οὔσης,
888 1845 958 1908 τῶν
976 1864 1013 1907 τε
1032 1843 1201 1906 πλείστων
1220 1839 1255 1917 ές
1273 1833 1328 1916 τὰς

369 1939 497 2027 σκηνὰς
520 1941 577 2009 καλ
599 1938 640 2008 τά
666 1942 935 2030 ἐγκεχειρισμένα
959 1947 1018 2029 τῆς
1044 1945 1200 2031 φρουρᾶς
1224 1946 1327 2027 χωρία

369 2039 691 2132 ἀνακεχωρηκότων,
705 2046 799 2126 ἔδοξε
817 2042 1116 2131 τοῖς-στρατιώταις
1135 2050 1171 2113 οἳ
1189 2040 1275 2129 πρὸς
1289 2048 1326 2132 τῇ
1342 2061 1359 2101 ¹⁵

364 2142 535 2234 Ῥωμαίων
547 2145 644 2216 πόλει
657 2145 886 2236 στρατόπεδον
905 2145 996 2234 εἶχον
1014 2143 1082 2216 ὑπὸ
1101 2143 1140 2215 τὸ
1160 2144 1325 2233 καλούμε-

369 2276 432 2318 νον
447 2244 525 2337 όρος
535 2244 715 2337 Ἀλβανόν,
730 2256 817 2319 ἔνθα
828 2255 950 2330 παῖδας
971 2252 1029 2320 καλ
1047 2263 1213 2338 γυναῖκας
1226 2277 1327 2319 κατα-

368 2358 584 2439 λελοίπεσαν,
600 2358 766 2440 φονεῦσαι
781 2352 842 2423 τὸν
855 2356 1062 2441 Μαξιμῑνον,
1077 2347 1123 2433 ἀς
1142 2351 1327 2423 παύσαιντο

368 2456 431 2543 μὲν
452 2461 591 2544 χρονίου
617 2457 674 2525 καὶ
696 2452 887 2544 ἀπεράντου
916 2462 1126 2543 πολιορκίας,
1147 2458 1268 2543 μηκέτι
1292 2453 1327 2525 δέ

368 2568 532 2647 πορθοῖεν
546 2554 687 2629 Ἰταλίαν
699 2554 786 2649 ὑπὲρ
797 2559 967 2650 τυράννου
980 2561 1261 2647 κατεγνωσμένον
1274 2560 1326 2628 καί
1339 2583 1360 2622 ο

339 2677 356 2730 9
370 2664 606 2751 μεμισημένον.
656 2662 879 2750 τολμήσαντες
892 2653 957 2733 οὖν
970 2664 1081 2731 ἐπίασι
1094 2668 1135 2751 τῇ
1148 2668 1258 2752 σκηνῇ
1266 2657 1327 2732 αύ-

367 2771 428 2835 τού
442 2766 520 2853 περὶ
539 2767 645 2853 μέσην
657 2762 801 2855 ἡμέραν,
817 2767 1061 2855 συναραμένων
1081 2765 1118 2835 δὲ
1137 2761 1257 2846 αὐτοῖς
1274 2766 1326 2835 καί

366 2874 436 2937 τόν
449 2867 695 2955 φρουρούντων
709 2868 913 2957 δορυφόρων
927 2868 984 2949 τάς
995 2895 1031 2937 τε
1051 2866 1183 2948 εἰκόνας
1204 2871 1243 2938 ἐκ
1262 2876 1327 2938 τῶν

245 2982 250 2994 ’
366 2976 513 3058 σημείων
526 2976 735 3056 κατασπῶσι,
749 2972 807 3038 καὶ
828 2966 932 3040 αὐτὸν
951 2968 1017 3040 σύν
1034 2977 1081 3064 τῷ
1095 2973 1193 3041 παιδὶ
1205 2980 1326 3062 προελ-

366 3073 474 3142 θόντα
487 3078 544 3159 τῆς
557 3077 697 3159 σκηνῆς,
713 3068 758 3153 ἀς
773 3070 816 3160 δὴ
830 3070 896 3165 ἀρα
913 3076 1098 3155 διαλέξοιντο
1113 3070 1247 3163 αὐτοῖς,
1262 3071 1323 3146 οὐκ
1336 3091 1356 3132 ²⁵

366 3172 588 3262 ἀνασχόμενοι
600 3170 789 3262 ἀναιροῦσι.
820 3174 1008 3266 φονεύουσι
1025 3177 1133 3247 δὲκαὶ
1147 3174 1210 3247 τὸν
1222 3184 1323 3267 ἔπαρ-

364 3305 425 3366 χον
439 3283 501 3346 τοῦ
514 3282 659 3365 στρατοῦ
669 3276 794 3358 πάντας
807 3306 843 3349 τε
854 3276 935 3358 τούς
947 3282 1067 3372 ἐκείνῳ
1082 3280 1252 3372 θυμήρεις
1266 3286 1322 3369 φί-

364 3389 460 3460 λους·
482 3382 639 3469 ῥίψαντές
661 3407 697 3450 τε
716 3378 757 3450 τδι
771 3381 907 3472 σοι’ματα
927 3397 997 3463 τοῖς
1012 3385 1232 3473 βουλομένοις
1245 3387 1322 3454 ἐνυ-

364 3490 492 3572 βρίζειν
511 3485 568 3552 καλ
586 3498 704 3554 πατεῖν
719 3493 835 3555 είασαν
854 3492 937 3555 κυσί
949 3513 985 3556 τε
1003 3488 1060 3555 καὶ
1074 3482 1186 3575 όρνισι
1206 3487 1321 3578 βορόν.

363 3593 424 3657 τοῦ
440 3587 478 3656 δὲ
490 3589 684 3675 Μαξιμίνου
698 3589 755 3660 καὶ
770 3596 831 3659 τού
849 3586 968 3670 παιδὸς
980 3585 1041 3670 τὰς
1051 3586 1202 3679 κεφαλδις
1214 3594 1250 3673 ἐς
1262 3588 1320 3679 την
1333 3614 1354 3655 υ

349 3687 481 3785 Ῥώμην
495 3697 665 3785 ἔπεμψαν.

269 3747 352 3869 μ
473 3800 630 3902 τοιούτῳ
647 3801 713 3897 μὶν
731 3797 775 3892 δὴ
786 3800 880 3871 τέλει
895 3784 1182 3876 Μαξιυῖνῦενδιὶ
1192 3803 1277 3863 παῖε
1284 3786 1341 3852 οἷ)-
