3134 4367
655 412 876 474 ΠΕΜΠΤΟΝ
1184 413 1241 476 135

287 587 320 664 ἐς
334 580 398 672 τῆν
411 581 641 671 Νικομήδειαν
653 586 808 671 ἐχείμαζε,
824 589 881 672 τῆς
896 579 982 673 ὥρας
996 591 1055 654 τοῦ
1070 592 1165 667 ἔτους
1181 583 1242 658 οῦ-

287 715 351 767 τως
363 682 577 773 ἀπαιτούσης.
609 683 737 767 εῦθέως
756 715 792 756 τε
811 686 1058 775 ἐξεβακχεύετο,
1072 689 1131 778 τήν
1145 718 1180 759 τε
1194 695 1209 759 ἰ
1224 734 1243 743 -

288 787 449 880 ρωσύνην
462 795 521 858 τοῦ
536 793 716 878 ἐπιχωρίου
729 797 826 877 θεοῦ,
841 781 862 881 ᾗ
878 793 1092 881 ἐντέθραπτο,
1109 819 1243 884 περιερ-

289 892 428 981 γότερον
442 895 629 981 ἐξωρχείτο,
647 889 792 981 σχήμασί
804 920 838 963 τε
852 897 992 981 ἐσθῆτος
1006 894 1244 966 πολυτελεστά-

263 1023 357 1075 ττοις
379 996 563 1085 χρώμενος,
585 997 640 1066 διά
667 1024 701 1065 τε
722 997 901 1086 πορφύρας
926 1004 1053 1085 χρυσοῦ
1074 993 1244 1087 ὑφάσμασι

290 1104 516 1188 περιδεραίοις
533 1127 568 1169 τε
582 1101 638 1167 καί
658 1106 785 1181 ψελίοις
801 1099 1041 1188 κοσμούμενος,
1057 1103 1091 1181 ἐς
1108 1099 1195 1183 εἰδος
1209 1104 1246 1171 δὲ

291 1201 405 1289 τιάρας
414 1202 585 1290 στεφάνην
597 1197 929 1297 ἐπικείμενοςχρυσῷ
943 1205 999 1273 καί
1013 1209 1123 1285 λίθοις
1136 1212 1246 1274 ποικί-

290 1313 352 1392 λην
366 1312 497 1393 τιμίοις.
549 1297 593 1394 ῆν
605 1333 640 1375 τε
654 1303 744 1398 αύτῷ
759 1303 796 1375 τὸ
809 1313 915 1395 σχῆμα
932 1306 1053 1396 μεταξύ
1068 1314 1246 1395 Φοινίσσης
1261 1332 1278 1382 4

291 1412 383 1497 ίερᾶς
402 1416 520 1497 στολῆς
539 1410 595 1477 καί
616 1414 730 1497 χλιδῆς
752 1414 919 1497 Μηδικῆς.
964 1407 1146 1500 Ῥωμαϊκήν
1168 1407 1246 1499 δδή

258 1532 276 1572 ¹⁰
286 1507 484 1598 Ἑλληνικήν
498 1518 609 1581 πᾶσαν
625 1515 749 1601 ἐσθῆτα
763 1512 977 1601 ἐμυσάττετο,
993 1516 1087 1604 ἐρίου
1107 1514 1246 1603 φάσκων

292 1615 480 1703 εἰργάσθαι,
496 1616 685 1703 πράγματος
700 1610 871 1695 εὐτελοῦς·
890 1630 958 1697 τοίς
968 1616 1005 1685 δέ
1019 1624 1142 1705 Σηρῶν
1155 1614 1247 1706 ύφά-

291 1738 393 1806 σμασι
415 1718 530 1805 μόνοις
552 1715 720 1807 ῆρέσκετο.
761 1718 880 1809 προήει
906 1746 942 1789 τε
965 1715 1031 1788 ῦπδ
1054 1717 1170 1801 αύλοίς
1190 1722 1247 1790 καί

292 1819 495 1908 τυμπάνοις,
510 1828 555 1911 τῷ
573 1827 644 1913 θεῷ
659 1827 768 1909 δῆθεν
782 1817 954 1910 ὀργιάζων.

310 1980 312 1983 .
395 1920 417 2012 ῆ
432 1924 468 1993 δὲ
482 1932 599 1993 Μαῐσα
612 1932 715 1994 ταῦτα
729 1920 840 2014 ὁρῦσα
850 1925 940 1995 πάνυ
954 1920 1104 2014 ῆσχαλλε,
1113 1931 1246 1994 πείθειν
1262 1951 1277 2000 5

258 2056 278 2097 ιε
295 2055 329 2097 τε
344 2033 532 2113 λιπαροῦοα
545 2031 698 2115 ἐπειρᾶτο
708 2030 996 2117 μεταμφιέσασθαι
1010 2026 1070 2116 τήν
1083 2025 1249 2116 Ῥωμαίων

293 2129 418 2218 στολήν
431 2131 593 2216 μέλλοντά
605 2158 640 2199 τε
654 2135 687 2212 ἐς
701 2129 761 2220 τήν
775 2132 874 2201 πόλιν
888 2129 1067 2221 ἀφίξεσθαι
1078 2134 1132 2201 καί
1142 2135 1175 2213 ἐς
1189 2127 1250 2219 τῆν

293 2233 484 2322 σύγκλητον
510 2234 775 2322 εἰσελεύσεσθαι,
801 2231 845 2324 μή
868 2232 1059 2305 ἀλλοδαπὸν
1082 2229 1250 2322 ῆπαυτά-

294 2358 376 2407 πασι
390 2335 562 2425 βάρβαρον
582 2336 618 2406 τό
639 2344 746 2426 σχῆμα
765 2334 878 2427 όφθὲν
898 2334 1005 2419 εύθῦς
1020 2338 1150 2428 λυπήσῃ
1174 2335 1250 2417 τοῦς

296 2439 445 2525 ἰδόντας,
467 2435 584 2527 άήθεις
603 2468 638 2509 τε
658 2438 757 2522 όντας
777 2443 834 2510 καί
856 2444 1030 2530 οἰομένους
1050 2438 1089 2509 τὰ
1115 2445 1250 2509 τοιαῦτα

255 2570 280 2611 ιο
297 2549 555 2630 καλλωπίσματα
568 2540 631 2612 οῦκ
645 2540 809 2632 ἀνδράσιν
824 2540 907 2613 ἀλλὰ
927 2549 1080 2631 θηλείαις
1100 2543 1250 2630 πρέπειν.

296 2643 316 2717 δ
331 2646 370 2716 δὲ
382 2646 636 2734 καταφρονήσας
649 2653 717 2715 τῶν
730 2642 796 2716 ῦπδ
810 2653 867 2734 τῆς
880 2643 1099 2733 πρεσβύτιδος
1112 2646 1251 2732 λεχθέν·
1265 2669 1281 2722 6

296 2778 383 2836 των,
397 2745 478 2836 μηδ’
495 2745 584 2842 άλλφ
599 2750 665 2824 τινί
682 2755 833 2830 πεισθείς
856 2744 950 2835 (οῦδὲ
970 2745 1034 2839 γάρ
1055 2754 1208 2836 προσίετο
1224 2753 1255 2815 εἰ

296 2851 342 2941 μῆ
368 2850 447 2932 τοῦς
474 2848 712 2942 ὁμοιοτρόπους
740 2879 776 2921 τε
803 2853 858 2921 καί
886 2851 1028 2932 κόλακας
1053 2847 1158 2921 αὑτοῦ
1183 2858 1253 2924 ,τῶν

297 2953 568 3045 ἁμαρτημάτων),
582 2954 786 3044 βουλόμενος
799 2958 837 3024 ἐν
856 2962 929 3025 ἔθει
951 2957 1109 3042 γενέσθαι
1123 2960 1180 3044 τῆς
1193 2961 1254 3023 τοῦ

255 3078 283 3121 τε
300 3058 464 3147 σχήματος
478 3055 585 3140 ὅψεως
594 3054 654 3146 τήν
667 3086 703 3128 τε
717 3057 905 3147 σύγκλητον
918 3061 974 3127 καὶ
988 3056 1047 3128 τὸν
1061 3063 1167 3147 δῆμον
1176 3054 1255 3127 Ῥω-

299 3169 428 3254 μαίων,
450 3158 592 3242 άπόντος
610 3189 645 3230 τε
666 3158 772 3231 αύιοῦ
794 3178 913 3251 πεῖραν
935 3167 1079 3249 δοθῆναι
1100 3169 1170 3243 πῶς
1193 3162 1255 3250 φέ-

301 3287 402 3354 ρουσι
416 3262 477 3353 τήν
492 3260 572 3347 όψιν
589 3272 648 3335 τοῦ
663 3265 842 3355 σχήματος,
865 3264 978 3335 εἰκόνα
992 3272 1151 3354 μεγίστην
1173 3264 1255 3355 γρά-

299 3384 367 3452 ψας
389 3366 512 3448 παντός
533 3369 672 3455 ἑαυτοῦ,
693 3364 762 3449 οἷος
781 3368 909 3458 προϊύν
932 3395 967 3436 τε
993 3370 1048 3437 καί
1071 3373 1266 3458 ίερουργῦν,

301 3475 477 3560 ἐφαίνετο,
493 3469 702 3560 παραστήσας
715 3498 750 3540 τε
770 3475 807 3556 ἐν
827 3479 866 3561 τῆ
880 3478 993 3561 γραφῆ
1007 3468 1066 3542 τὸν
1079 3472 1185 3541 τύπον
1198 3476 1256 3539 τοῦ

258 3597 285 3639 εο
303 3579 484 3663 ἐπιχωρίου
498 3580 600 3653 θεοῦ,
615 3564 642 3667 ᾧ
657 3573 698 3661 δή
713 3582 898 3665 καλλιερῦν
914 3576 1113 3662 ἐγέγραπτο,
1128 3577 1257 3659 πέμψας
1271 3592 1287 3647 7

303 3706 340 3747 τε
363 3681 397 3758 ἐς
419 3675 480 3765 τῆν
500 3674 642 3765 Ῥώμην,
666 3678 841 3746 ἐκέλευσεν
864 3680 901 3747 ἐν
923 3684 968 3769 τῷ
995 3676 1177 3765 μεσαιτάτῳ
1202 3683 1259 3762 τῆς

305 3780 497 3870 συγκλήτου
518 3779 608 3877 τόπφ
621 3777 818 3879 ὑψηλοτάτῳ
838 3808 874 3854 τε
891 3779 952 3872 τὴν
971 3779 1087 3850 εἰκόνα
1102 3774 1275 3859 θνα-τεθη-
