3134 4367
355 442 413 501 170
721 438 937 500 ΕΒΔΟΜΟΝ

351 611 427 703 ᾔδει
440 606 641 700 ἁρμόζοντας
653 614 693 698 τῇ
714 610 838 679 ἑαυτοῦ
857 608 986 699 γνῶμη,
1008 609 1199 696 ἐπελέγετο·
1222 612 1306 679 οἵτε

352 722 556 804 προεστῶτες
569 720 629 781 τοῦ
642 718 793 801 ταμιείου
809 711 903 800 τότε,
932 718 963 782 εἰ
982 713 1037 781 καί
1058 718 1209 793 σπανίως
1230 740 1306 802 χρη-

352 820 425 888 στοὶ
437 815 710 906 ε’μπεπτῶκεσαν,
725 815 785 885 τόν
798 842 834 884 τε
847 821 1011 885 κίνδυνον
1023 821 1200 903 προῦπτον
1215 821 1307 904 έχον-

351 948 405 1002 τες
418 923 474 991 καὶ
489 918 550 1008 την
568 923 701 989 ἐκείνου
721 925 985 1007 φιλοχρηματίαν
1003 917 1144 1006 εἰδότες,
1172 914 1307 1000 άκοντες

319 1020 440 1113 3ῦμως
458 1022 537 1104 τούς
555 1018 693 1102 λοιπούς
713 1024 902 1110 ἐμιμοῦντο.
954 1017 972 1092 δ
1000 1028 1117 1091 τοίνυν
1137 1020 1225 1092 κατά
1250 1020 1329 1111 τηνι

350 1126 483 1217 Διβύην
496 1130 676 1220 ἐπίτροπος
687 1141 755 1205 τοῖς
769 1152 805 1194 τε
818 1122 931 1206 άλλοις
945 1120 1026 1195 πάσι
1047 1132 1166 1213 βιαίως
1185 1147 1307 1215 προσε-

350 1232 487 1321 φέρετο,
509 1231 567 1299 καί
585 1235 785 1310 νεανίσκους
805 1227 898 1309 τινάς
917 1235 986 1297 τῶν
1006 1224 1086 1318 παρ’
1104 1231 1249 1311 ἐκείνοις
1271 1220 1307 1300 εῦ

349 1332 538 1424 γεγονότων
555 1333 612 1400 καί
630 1338 801 1401 πλουσίων
820 1337 1013 1412 καταδίκαις
1033 1330 1229 1419 περιβαλῶν
1242 1338 1307 1403 εἰσ-

349 1433 564 1528 πράττειντὰ
583 1434 732 1524 χρήματα
759 1430 888 1516 εῦθέως
906 1438 1077 1524 ἐπειρᾶτο,
1091 1435 1260 1531 πατρῴων
1273 1463 1305 1505 τε

350 1542 407 1610 καί
420 1545 632 1630 προγονικῶν
646 1535 772 1609 ούσιῶν
787 1535 912 1619 αύτούς
925 1535 1157 1627 ἀφαιρεῖσθαι.
1187 1535 1243 1628 ἐφ’
1260 1533 1306 1620 οἰς
1318 1567 1334 1608 ιι
1374 1575 1375 1604 ι

349 1639 553 1732 ἀλγήσαντες
567 1647 602 1711 οἰ
616 1649 788 1713 νεανίσκοι
807 1640 847 1712 τά
861 1642 924 1729 μέν
940 1640 1090 1730 χρήματα
1109 1639 1204 1737 αῦιηῦ
1225 1639 1305 1712 άπο-

271 1815 276 1826 ,
350 1746 473 1818 δῶσειν
486 1742 686 1834 ῦπέσχοντο,
700 1753 804 1833 τριῶν
818 1742 952 1835 ἡμερῶν
965 1741 1160 1832 αἰτήσαντες
1181 1743 1305 1816 άνάθε-

350 1870 422 1921 σιν·
441 1855 655 1937 συνωμοσίαν
670 1848 707 1917 δέ
720 1848 953 1937 ποιησάμενοι,
968 1847 1093 1929 πάντας
1106 1876 1142 1918 τε
1154 1844 1217 1929 οῦς
1229 1846 1305 1940 ᾔδε-

349 1948 445 2039 σανῆ
458 1951 670 2031 πεπονθότας
683 1980 715 2020 τι
724 1951 839 2022 δεινὸν
852 1946 874 2041 ἢ
889 1961 1015 2021 παθεῖν
1024 1951 1220 2034 δεδοικότας
1226 1949 1305 2023 άντ-

350 2060 539 2142 πείσαντες,
554 2053 731 2123 κελεύουσι
744 2054 877 2143 νύκτωρ
897 2063 1077 2125 κατελθεῖν
1095 2052 1177 2136 τοῦς
1191 2059 1228 2125 ἐκ
1241 2062 1305 2125 τῶν
1318 2079 1333 2124 ιι
1373 2087 1375 2108 2

320 2154 467 2247 4άγρῶν
482 2158 626 2244 οἰκέτας,
641 2156 723 2239 ξύλα
736 2185 771 2226 τε
786 2160 842 2227 καί
857 2159 1006 2239 πελέκεις
1021 2161 1255 2248 ἐπιφέρεσθαι.
1278 2166 1308 2229 οἳ

349 2261 390 2332 δέ
409 2263 605 2340 πεισθέντες
624 2259 800 2331 κελεύουσι
820 2276 889 2341 τοῖς
908 2260 1083 2342 δεσπόταις
1102 2258 1169 2353 πρὸ
1190 2269 1250 2351 τῆς
1266 2264 1306 2332 ἕω

350 2369 526 2453 συνῆλθον
535 2367 569 2444 ἐς
582 2361 644 2452 τὴν
653 2364 768 2452 πόλιν,
782 2364 988 2455 κρύπτοντες
1001 2361 1068 2435 ῦπδ
1082 2380 1154 2447 ταῖς
1167 2368 1306 2454 ἐσθῆσιν

350 2464 373 2537 δι’
386 2475 510 2557 ἔφερον
523 2464 743 2554 αὐτοσχεδίου
756 2470 903 2557 πολέμου
917 2464 1013 2537 ὅπλα.
1028 2470 1112 2558 μέγα
1126 2471 1167 2537 δέ
1179 2496 1212 2538 τι
1224 2475 1307 2557 πλη-

349 2582 413 2653 θος
425 2569 614 2661 ἠθροίσθη·
634 2571 735 2659 φύσει
747 2570 812 2661 γάρ
827 2571 1095 2660 πολυάνθρωπος
1114 2563 1202 2642 ούσα
1214 2568 1236 2661 ἡ
1248 2580 1308 2643 Aa·
1316 2595 1337 2638 τι

320 2696 337 2747 5
353 2674 419 2765 βύη
433 2674 578 2755 πολλοῦς
596 2673 662 2762 εἶχε
675 2672 754 2757 τοῦς
766 2672 829 2765 τὴν
843 2681 908 2764 γῆν
920 2681 1162 2763 γεωργοῦντας.
1190 2672 1260 2765 άμα
1273 2676 1308 2747 δέ

348 2785 395 2870 τῷ
409 2784 641 2867 παραδραμεῖν
655 2776 693 2848 τὸ
706 2787 914 2869 περίορθρον
932 2777 1156 2867 προελθόντες
1176 2784 1214 2849 οἰ
1230 2807 1308 2849 νεα·
1361 2813 1366 2831 ·

347 2885 460 2950 νίσκοι
473 2880 509 2950 τὸ
524 2880 586 2968 μὲν
606 2889 735 2969 πλῆθος
748 2889 816 2951 τῶν
830 2887 969 2951 οἰκετῶν
982 2880 1182 2952 κελεύουσιν
1196 2879 1308 2963 αῦτοῑς

348 2986 491 3055 ἕπεσθαι
513 2980 558 3065 ῶς
576 2980 674 3064 ὄντας
694 2986 794 3072 μέρος
813 2990 873 3053 τοῦ
893 2990 1013 3053 λοιποῦ
1027 2982 1147 3072 όχλου,
1162 2985 1308 3076 προστά-

349 3090 464 3171 ξαντες
483 3084 558 3156 τότε
578 3083 826 3155 ἀποκαλύπτειν
846 3082 868 3156 δι’
887 3093 1012 3175 ἔφερον
1034 3084 1121 3158 ὅπλα
1143 3090 1202 3165 καὶ
1227 3108 1339 3178 γεν-ιι

349 3196 453 3271 ναίως
466 3187 687 3275 άνθεστάναι,
704 3198 738 3257 εἰ
749 3217 837 3271 τινες
857 3182 1138 3279 ἦστρατιωτῶνῆ
1154 3196 1308 3282 δημοτῶν

319 3311 337 3366 6
349 3290 462 3371 αὐτοῖς
476 3296 603 3362 ἐπίοιεν
615 3297 743 3361 ἔκδικοι
755 3300 817 3362 τοῦ
829 3296 1057 3381 γενησομένου
1078 3300 1198 3382 ἔργον·
1213 3292 1308 3367 αῦτοί

349 3394 387 3465 δὲ
402 3394 560 3484 λαβόντες
581 3397 761 3485 ἐγχειρίδια
782 3393 971 3467 ῦποκόλπια
989 3404 1145 3486 προσίασι
1169 3406 1217 3491 τῷ
1238 3404 1308 3472 ἐπι-

346 3497 459 3591 τρόπφ
473 3495 518 3580 ῶς
531 3494 573 3588 δὴ
588 3501 735 3588 περὶτῆς
749 3496 940 3580 άποδόσεως
953 3507 1021 3570 τῶν
1041 3501 1221 3589 χρημάτων
1234 3508 1307 3574 δια-

338 3601 532 3693 λεξομενοι,
560 3602 807 3694 προσπεσόντες
832 3632 868 3674 τε
895 3608 1074 3693 αἰφνιδίως
1096 3601 1138 3674 οῦ
1158 3611 1338 3693 προσδο-ιι

320 3713 447 3781 κῶντα
477 3717 672 3798 παίσαντες
702 3708 907 3804 φονεύουσι.
952 3713 1020 3775 τῶν
1048 3706 1087 3774 δε
1112 3708 1192 3789 περὶ
1215 3705 1311 3774 οἱιτδο

203 3897 211 3924 ι
306 3827 547 3904 στρατιωτῶν
561 3818 844 3919 γυμνωσάντων
858 3810 903 3886 τά
912 3814 1003 3899 ξίφη
1021 3811 1072 3896 τῷ
1083 3829 1124 3873 1⁸
1137 3802 1237 3891 W?
1249 3805 1338 3878 W<
