3134 4367
326 443 384 503 134
683 442 906 503 ΠΕΜΠΤΟΝ

269 644 301 697 11
317 619 433 698 ξοντας
445 612 504 683 τὸν
518 620 698 701 Μακρῖνον
710 610 798 681 πολὺ
813 606 1101 700 προκεχωρηκότα.
1133 613 1171 680 ἐν
1185 619 1274 681 Καλ-

317 717 435 807 χηδόνι
448 722 534 805 γοῦν
554 723 611 802 τῆς
629 722 796 796 Βιθυνίας
816 715 1029 803 κατελήφθη,
1049 722 1161 783 νοσῶν
1180 723 1274 803 χαλε-

318 820 452 890 πώτατα
465 817 531 888 ύπό
554 846 590 887 τε
609 826 666 906 τής
685 824 848 906 συνεχοῦς
868 815 1061 907 ὁδοιπορίας
1078 839 1275 907 συντετριμ-

319 926 427 1013 μένος.
468 930 554 992 ἔνθα
579 917 684 991 αὐτὸν
711 918 866 1011 εὑρόντες
893 928 930 991 ἔν
952 949 1017 990 τινι
1044 921 1275 1010 κρυπτόμενον

320 1032 506 1117 προαστείῳ
522 1030 557 1092 οἱ
575 1024 752 1104 διώκοντες
764 1023 827 1112 τήν
840 1022 992 1112 κεφαλήν
1006 1021 1182 1112 ἀπέτεμον.
1207 1026 1297 1094 ἑλέ-ε

321 1158 397 1218 γετο
412 1130 449 1199 δὲ
463 1127 623 1197 σπεύδειν
635 1130 669 1208 ἐς
682 1126 743 1215 τήν
758 1126 902 1216 Ῥώμην,
924 1134 1064 1217 θαρρῶν
1085 1134 1125 1217 πή
1140 1135 1203 1196 τοῦ
1220 1128 1276 1215 δή·

321 1261 387 1320 μου
401 1234 479 1322 περὶ
499 1227 603 1299 αύτόν
624 1236 765 1321 σπουδή.
795 1229 1041 1319 περατούμενον
1063 1227 1097 1298 δ’
1122 1229 1230 1300 αύτὸν
1249 1234 1277 1312 ἐς

320 1334 382 1425 τήν
390 1332 560 1421 Εύρώπην
574 1330 630 1401 διὰ
643 1340 703 1403 τοῦ
717 1341 837 1403 στενοῦ
856 1341 913 1422 τῆς
926 1339 1159 1422 Προποντίδος
1173 1345 1278 1423 πορθ-

321 1446 404 1527 μού,
431 1434 495 1526 ήδη
524 1464 560 1505 τε
585 1442 631 1527 τῷ
658 1445 828 1529 Βυζαντίῳ
858 1437 1143 1525 προσπελάζοντα,
1179 1440 1278 1525 φασίν

325 1539 501 1631 ἀντιπνοίῳ
515 1539 721 1629 χρήσασθαι,
736 1540 959 1628 ἑπανάγοντος
973 1537 1076 1608 αὐτὸν
1100 1548 1163 1623 τοῦ
1177 1539 1278 1609 πνεύ-
1287 1563 1309 1611 21⁰

274 1665 308 1719 12
325 1671 427 1733 ματος
444 1648 477 1724 ἐς
489 1643 551 1732 τήν
563 1650 734 1734 τιμωρίαν.
789 1642 878 1732 παρὰ
892 1650 1054 1713 τοσοῦτον
1068 1643 1130 1731 μὲν
1145 1641 1187 1731 δή
1204 1652 1278 1713 Μα-

324 1764 438 1837 κρῖνος
452 1745 514 1817 ούκ
529 1748 670 1836 ἐξέφυγε
683 1746 761 1828 τούς
770 1746 961 1832 διώξαντας,
973 1748 1059 1815 τέλει
1073 1741 1109 1815 τε
1121 1745 1278 1842 ἐχρήσατο

324 1857 449 1942 αἰσχρῷ
477 1846 620 1938 ὕστερον
646 1851 793 1939 θελήσας
821 1854 853 1931 ἐς
876 1848 938 1938 τήν
956 1846 1090 1937 Ῥώμην·
1111 1846 1278 1933 ἀνελθεῖν,

325 1956 404 2021 δέον
418 1956 455 2020 ἐν
467 1949 552 2041 ἀρχή
565 1959 663 2022 τοῦτο
677 1961 829 2040 ποιήσαι·
845 1950 929 2041 όμού
940 1953 977 2021 δὲ
988 1960 1121 2022 ἔπταισε
1131 1956 1188 2022 καὶ
1197 1953 1279 2042 γνώ-

325 2083 370 2145 μη
385 2056 441 2123 καὶ
455 2054 547 2143 τύχη.
1292 2074 1310 2115 1⁵

275 2170 344 2248 3¹33·
430 2158 516 2226 τέλει
530 2158 592 2245 μὲν
605 2162 647 2244 δη
661 2155 800 2248 τοιούτῳ
809 2166 984 2244 Μακρῖνος
994 2157 1165 2246 ἐχρήσατο,
1181 2181 1282 2229 συνα-

327 2263 543 2349 ναιρεθέντος
566 2257 657 2352 αύτῷ
685 2262 741 2328 καί
765 2268 825 2328 τοῦ
852 2259 987 2347 παιδός,
1016 2256 1056 2329 όν
1078 2252 1121 2349 ήν
1146 2262 1282 2350 ποιήσας

294 2372 312 2429 5
329 2370 500 2452 Καίσαρα,
514 2361 809 2451 Διαδουμενιανόν
826 2363 1050 2451 καλούμενον·
1077 2367 1151 2434 ἐπεὶ
1166 2368 1204 2435 δὲ
1219 2362 1238 2435 ὅ
1252 2392 1282 2434 τε

327 2464 465 2556 στρατὸς
480 2474 543 2547 πᾶς
555 2463 729 2554 μετελθών
743 2463 826 2555 πρὸς
839 2465 899 2535 τὸν
909 2464 1109 2536 Ἀντωνῖνον
1125 2485 1283 2557 προσεῖπε

327 2573 482 2660 βασιλέα,
500 2570 541 2639 τά
562 2599 598 2641 τε
623 2577 681 2658 της
702 2566 804 2658 ἀρχῆς
819 2566 1016 2656 ὑπεδέξατο,
1039 2575 1316 2660 διοικηθέντωνθ

329 2671 420 2767 αύτῷ
434 2671 517 2743 κατά
531 2673 592 2762 τήν
605 2670 770 2761 ἀνατολήν
786 2680 854 2742 τών
871 2672 1074 2760 ἐπειγόντων
1088 2670 1157 2743 ύπό
1176 2704 1213 2745 τε
1231 2684 1285 2763 τῆς

328 2777 459 2866 μάμμης
473 2780 610 2846 καὶτῶν
624 2777 798 2846 συνόντων
812 2783 923 2861 φίλων
936 2772 1050 2857 (αὐτὸς
1070 2776 1135 2864 γάρ
1156 2769 1200 2865 ήν
1214 2782 1285 2858 νέος

330 2906 365 2947 τε
378 2878 440 2966 τήν
453 2875 602 2966 ἡλικίαν,
622 2879 825 2967 πραγμάτων
838 2906 873 2947 τε
887 2880 944 2947 καὶ
957 2884 1110 2959 παιδείας
1123 2877 1285 2971 ἄπειρος),

329 2978 370 3050 ού
385 2988 512 3049 πολλοῦ
525 2982 648 3067 χρόνον
663 2987 838 3069 διατρίψας
852 2981 917 3068 εἶχε
936 2985 1013 3069 περὶ
1031 2987 1164 3072 ἔξοδον,
1183 3006 1285 3054 σπευ-

331 3084 453 3172 δούσης
469 3083 608 3170 μάλιστα
622 3090 678 3170 τῆς
693 3091 829 3171 Μαίσης
845 3087 877 3164 ἐς
892 3086 931 3153 τό
953 3086 1086 3174 συνήθη
1107 3088 1211 3177 ἑαυτῇ
1226 3096 1284 3177 βα·
1298 3109 1319 3148 θ

297 3193 437 3256 2σίλεια
451 3183 584 3274 Ῥώμης.
638 3183 682 3266 ὡς
704 3186 741 3255 δὲ
754 3192 794 3276 τῇ
815 3215 850 3255 τε
865 3189 1039 3281 συγκλήτῳ
1063 3191 1120 3257 καί
1145 3198 1192 3283 τῷ
1211 3189 1286 3259 Ῥω-

329 3297 438 3378 μαίων
455 3289 549 3381 δήμῳ
569 3287 609 3357 τά
628 3292 821 3377 πραχθέντα
841 3291 1013 3379 ἐδηλώθη,
1030 3292 1214 3379 δυσφόρως
1228 3294 1286 3382 μὲν

330 3393 452 3473 πάντες
472 3389 637 3479 ήκουσαν,
661 3389 834 3480 ὑπήκουον
856 3395 893 3463 δὲ
913 3391 1042 3485 ἀνάγκη
1063 3403 1124 3464 τοῦ
1144 3402 1285 3487 στρατοῦ

331 3502 434 3565 ταῦτα
451 3491 630 3584 ᾑρημένου.
645 3498 893 3584 κατεγίνωσκόν
909 3525 945 3566 τε
959 3506 1018 3567 τοῦ
1027 3508 1212 3589 Μακρίνου
1228 3505 1285 3592 ρᾳ-

330 3608 460 3688 θυμίαν
474 3602 578 3668 τεκαὶ
592 3600 726 3688 τρόπων
741 3600 944 3689 χαυνότητα,
965 3602 1073 3671 αίτιόν
1087 3630 1123 3673 τε
1143 3601 1207 3673 ούκ
1229 3602 1285 3673 ἀλ·
1299 3624 1320 3665 ³⁰

331 3711 391 3772 λον
406 3699 477 3773 ἀλλ’
494 3698 634 3790 ήαύτόν
647 3706 753 3797 ἑαντῳ
768 3712 973 3792 γεγενῆσθαι
988 3712 1114 3793 ἔλεγον.

425 3802 447 3876 ό
469 3806 508 3878 δὲ
530 3803 726 3892 Ἀντωνῖνος
747 3804 876 3899 ἀπάρας
890 3815 948 3895 τῆς
972 3816 1098 3896 Συρίας
1120 3810 1234 3909 ἐλθών
1252 3834 1284 3877 τε
