3134 4367
334 426 394 489 128
694 426 917 488 ΠΕΜΠΤΟΝ

297 609 476 673 3σίλευσε.
528 605 688 670 τοσοῦτον
718 601 756 670 δὲ
780 595 928 688 ήμαρτεν
955 595 1036 669 ὅσον
1059 596 1104 688 μή
1130 601 1285 669 διέλυσεν

331 702 460 785 εὐθέως
482 702 523 773 τά
544 703 751 792 στρατόπεδα
773 705 830 772 καὶ
850 702 1009 783 ἑκάστους
1032 706 1065 784 ἐς
1089 702 1129 772 τά
1156 705 1286 772 ἑαυτῶν

330 806 541 896 ἀπέπεμψεν,
556 803 656 889 αῦτός
668 835 704 877 τε
723 810 756 887 ἐς
775 804 837 893 τήν
851 803 977 894 Ῥώμην
996 814 1174 878 ποθοῦσαν
1188 802 1287 893 ἠπεί-

329 922 413 999 χθη,
426 918 486 979 τοῦ
503 912 611 999 δήμου
625 909 777 981 ἑκάστοτε
797 918 980 989 καλοῦντος
1001 907 1160 998 μεγάλαις
1180 916 1286 997 βοαίς,

330 1019 368 1084 ἐν
381 1015 419 1084 δὲ
432 1021 473 1104 τή
490 1012 672 1104 Ἀντιοχείᾳ
685 1017 831 1101 διέτριβε
845 1012 976 1100 γένειόν
989 1041 1025 1082 τε
1039 1012 1170 1100 ἀσκῶν,
1185 1019 1286 1101 βαδί-
1302 1042 1314 1084 ε

330 1126 396 1201 ζων
408 1145 444 1187 τε
457 1121 561 1187 πλέον
569 1124 630 1186 τοῦ
641 1120 775 1198 δέοντος
788 1112 965 1205 ήρεμαίιος,
979 1115 1173 1206 βραδῦνατά
1181 1144 1218 1186 τε
1232 1117 1289 1186 καί

329 1221 423 1310 μόλις
440 1237 508 1301 τοῖς
521 1228 719 1309 προσιοῦσιν
732 1218 993 1308 ἀποκρινόμενος
1008 1216 1052 1301 ώς
1068 1216 1147 1308 μηδ’
1164 1216 1288 1289 ἀκοῦε-

298 1339 316 1392 4
330 1335 411 1394 σθαι
424 1323 581 1404 πολλάκις
599 1322 656 1392 διά
670 1322 706 1393 τὸ
719 1324 923 1410 καθειμένον
938 1330 996 1411 τής
1010 1331 1134 1411 φωνῆς.
1171 1324 1288 1411 ἐζήλου

329 1428 486 1497 δὲταῦτα
509 1423 553 1507 ώς
571 1424 612 1513 δή
629 1427 776 1516 Μάρκου
797 1427 1056 1514 ἐπιτηδεύματα,
1076 1425 1135 1496 τὸν
1157 1426 1194 1495 δὲ
1215 1436 1287 1495 λοι-

328 1528 395 1601 πὸν
407 1537 485 1619 βίον
500 1526 563 1600 οῦκ
577 1530 774 1618 ἐμιμήσατο,
793 1532 952 1600 ἐπεδίδου
967 1530 1005 1600 δὲ
1027 1530 1182 1599 ἑκάστοτε
1203 1533 1237 1611 ἐς
1250 1529 1286 1599 τὸ
1304 1563 1324 1603 ιι

329 1631 561 1722 ἁβροδίαιτον,
584 1630 756 1722 ὀρχηστῶν
778 1661 815 1703 τε
841 1636 937 1714 θέαις
956 1634 1013 1701 καὶ
1032 1634 1138 1721 πάσης
1159 1634 1288 1722 μοῦσης

329 1737 491 1825 κινήσεώς
511 1765 546 1807 τε
563 1735 740 1826 εὐρύθμου
758 1730 954 1825 ὑποκριταῖς
975 1738 1159 1824 σχολάζων,
1175 1744 1234 1825 τῆς
1253 1764 1287 1805 τε

330 1848 398 1909 τών
411 1842 615 1929 πραγμάτων
629 1839 824 1928 διοικήσεως
838 1837 967 1927 ἀμελῶς
983 1847 1077 1927 ἔχων.
1118 1840 1240 1930 προήει
1253 1867 1287 1909 τε

329 1944 473 2031 πόρπαις
486 1945 544 2012 καί
557 1948 718 2030 ζωστήρσι
731 1950 845 2034 χρυσῷ
855 1951 965 2036 πολλῷ
979 1946 1035 2012 καὶ
1044 1950 1154 2023 λίθοις
1167 1950 1289 2031 τιμίοις

330 2049 598 2135 πεποικιλμένοις
616 2048 875 2134 κεκοσμημένος,
890 2053 947 2135 τῆς
970 2046 1125 2135 τοιαῦτης
1143 2055 1289 2116 πολυτε-
1306 2074 1325 2116 ιε

330 2156 420 2229 λείας
439 2148 529 2239 παρά
545 2165 612 2229 τοῖς
626 2145 795 2238 Ῥωμαίων
812 2150 1027 2239 στρατιώταις
1045 2147 1108 2220 οῦκ
1129 2154 1290 2219 ἐπαινου-

330 2254 447 2340 μένης,
467 2252 641 2343 βαρβάρου
662 2253 846 2341 δὲμᾶλλον
866 2255 922 2322 καὶ
940 2260 1184 2343 θηλυπρεποῦς
1203 2252 1288 2324 εἶναι

298 2375 315 2425 5
331 2355 505 2444 δοκούσης.
558 2352 642 2444 άπερ
661 2352 805 2444 ὁρῶντες
826 2362 861 2425 οί
878 2365 1075 2445 στρατιῶται
1095 2354 1136 2427 οῦ
1151 2358 1243 2427 πάνυ
1258 2386 1289 2428 τι

330 2456 546 2548 ἀπεδέχοντο,
561 2456 789 2548 ἀπηρέσκοντό
807 2486 843 2528 τε
862 2457 969 2529 αὐτοῦ
988 2468 1034 2553 τῷ
1055 2468 1119 2554 βίῳ
1135 2457 1180 2540 ώς
1194 2458 1288 2530 ἀνει-

329 2566 418 2655 μένην
432 2570 559 2651 μᾶλλον
578 2559 601 2652 ή
615 2559 688 2633 κατ’
708 2559 817 2652 ἀνδρα
832 2564 1085 2652 στρατιωτικόν·
1112 2565 1288 2653 παραβάλ-
1303 2591 1325 2633 οι

330 2675 445 2748 λουτες
460 2668 498 2737 δέ
511 2666 573 2757 τήν
586 2667 720 2757 μνήμην
735 2674 776 2756 τῇ
793 2663 994 2737 Ἀντωνίνου
1009 2672 1119 2757 διαίτη
1134 2661 1296 2758 ἐπιστρεζ

331 2786 392 2856 φεῖ
406 2773 510 2840 τεκαὶ
530 2776 749 2861 στρατιωτική
767 2773 944 2860 γενομένη,
966 2776 1213 2857 κατεγίνωσκον
1231 2780 1290 2863 τής

300 2887 318 2941 6
334 2882 515 2959 Μακρίνον
527 2882 752 2954 πολυτελείας.
778 2880 827 2944 ἔτι
844 2902 879 2943 τε
891 2870 1104 2961 ήγανάκτονν
1116 2872 1214 2944 αῦτοὶ
1227 2877 1290 2964 μὲν

329 2976 396 3048 ὑπὸ
417 2994 555 3065 σκηναῖς
573 2979 629 3046 καὶ
645 2980 682 3046 ἐν
695 2975 866 3066 ἀλλοδαπή
885 2977 1112 3067 διαιτώμενοι,
1133 2976 1209 3049 ἔσθ’
1233 2976 1289 3050 ὅτε

330 3084 387 3151 καὶ
400 3088 612 3163 σπανίζοντες
625 3086 694 3147 τῶν
707 3084 914 3168 ἐπιτηδείων,
930 3088 963 3161 ἐς
978 3109 1014 3150 τε
1026 3080 1066 3151 τά
1076 3084 1207 3151 ἐᾶντών
1223 3080 1287 3152 οῦκ
1303 3109 1324 3151 ιι

331 3183 523 3263 ἐπανιόντες
546 3181 680 3273 εἰρήνης
700 3182 787 3252 είναι
806 3182 986 3272 δοκοῦσης·
1006 3182 1150 3275 ὁρῶντες
1169 3186 1208 3255 δὲ
1228 3185 1289 3256 τὸν

331 3296 511 3375 Μακρίνον
525 3289 562 3355 ἐν
574 3291 671 3375 χλιδή
687 3287 744 3355 καλ
757 3293 870 3377 τρυφῇ
889 3287 1124 3377 διαιτώμενον,
1140 3287 1288 3378 ἀφηνιά-

332 3399 442 3475 ζοντες
463 3385 528 3477 ήδη
551 3388 634 3479 πρὸς
656 3386 820 3479 ἀλλήλους
849 3388 953 3460 αὐτὸν
976 3400 1085 3472 κακῶς
1110 3389 1285 3482 ήγόρευον,

332 3492 531 3583 προφάσεώς
551 3519 587 3562 τε
611 3490 725 3580 ὀλίγης
746 3494 911 3582 λαβέσθαι
932 3491 1069 3584 εῦχοντο
1091 3498 1125 3577 ἐς
1144 3495 1180 3566 τὸ
1202 3494 1286 3566 ἀπο-

333 3596 562 3668 σκευάσασθαι
576 3596 613 3665 τὸ
629 3603 770 3666 λυποῦν.
1300 3633 1322 3675 χι

303 3704 322 3763 3
436 3703 535 3791 ἐχρῆν
548 3705 570 3768 δ
571 3701 586 3769 ὲ
599 3697 664 3789 άρα
677 3709 858 3791 Μακρίνον
872 3705 1029 3771 ἐνιαυτοῦ
1048 3699 1156 3789 μόνον
1169 3708 1210 3792 τή
1223 3709 1286 3791 βα-

269 3825 284 3891 χ
318 3811 435 3896 σιλείμ
445 3803 706 3899 ἐντρυφήσαντα
726 3801 793 3897 ἅμα
813 3811 861 3902 τῷ
877 3812 938 3898 βίῳ
948 3807 1009 3890 καλ
1022 3803 1085 3892 τήν
1103 3802 1211 3895 ἀρχήν
1224 3833 1286 3876 κα-
