3134 4367
670 424 892 486 ΠΕΜΠΤΟΝ
1197 420 1255 482 143

298 600 442 669 τοπέδου
471 596 614 687 ήγαγον,
648 588 707 666 τδν
739 597 801 686 μὲν
829 592 1047 685 Ἀλέξανδρον
1074 592 1257 683 ὑπερφυῶς

296 701 482 792 ήσπάζουτό
503 703 607 771 τεκαὶ
622 696 809 789 εὐφήμουν,
823 707 869 793 τῷ
884 700 921 769 δὲ
937 696 1123 798 Ἀντωνίνῳ
1138 696 1256 789 ἀμελέ-

296 829 418 893 στερον
432 809 689 895 προσεφέροντο.
704 801 759 892 ἐφ’
778 798 828 883 οἷς
842 806 967 883 ἐκεῖνος
981 800 1186 893 ἀγανακτῶν,
1197 808 1252 874 καὶ
1268 823 1284 878 7

297 909 580 999 διανυκτερεύσας
596 912 644 985 ,ἐν
666 914 711 1001 τῷ
732 912 810 999 ἱερῷ
828 915 889 975 τοῦ
910 908 1153 994 στρατοπέδου,
1168 907 1257 977 πάνυ

273 1009 441 1101 ςήσχαλλε
462 1015 520 1082 καὶ
542 1027 609 1092 τοῖς
631 1010 846 1100 στρατιώταις
869 1007 1040 1099 ὠργίζετο·
1068 1012 1202 1079 ἐκέλευέ
1220 1038 1255 1079 τε

297 1114 376 1196 τούς
391 1116 609 1205 παρασήμους
626 1117 682 1183 καὶ
696 1112 880 1203 ὑπερφυῶς
892 1112 951 1182 τὸν
965 1112 1183 1203 Ἁλέξανδρον
1198 1110 1256 1182 εύ-

298 1218 534 1307 φημήσαυτας,
554 1215 633 1298 τούς
652 1219 690 1287 δ“ε
704 1224 831 1298 αἰτίους
845 1222 952 1305 δῆθεν
966 1217 1110 1299 στάσεως
1124 1218 1180 1287 καὶ
1194 1226 1258 1285 θο-

297 1323 419 1410 ρύβου,
429 1322 723 1410 συλλαμβάνεσθαι
737 1318 821 1408 πρδς
834 1329 1005 1409 τιμωρίαν.
1058 1326 1093 1390 ολ
1104 1322 1142 1391 δὲ
1155 1342 1256 1410 στρα-
1270 1336 1288 1389 8

299 1433 414 1494 τιῶται
428 1428 483 1495 ἐπὶ
492 1426 598 1517 τούτῳ
607 1420 905 1512 ἀγανακτήσαντες,
921 1420 1028 1505 άλλως
1041 1424 1103 1513 μὲν
1116 1430 1258 1512 μισούν-

260 1565 282 1604 10
300 1557 353 1609 τες
381 1526 440 1597 τὸν
463 1526 664 1599 Ἀντωνῖνον
690 1529 745 1596 καλ
777 1523 1070 1597 ἀποσκευάσασθαι
1102 1531 1259 1607 θέλοντες

298 1629 553 1719 ἀσχημονοῦντα
569 1632 725 1719 βασιλέα,
741 1630 815 1699 τότε
839 1628 875 1697 δὲ
899 1632 954 1699 καὶ
976 1645 1042 1711 τοῖς
1063 1639 1256 1718 συλλαμβα-

298 1737 454 1823 νομένοις
474 1734 658 1823 ἐπαμύνειν
682 1739 755 1803 δεῖν
778 1729 978 1821 ἡγούμενοι,
1000 1731 1116 1821 καιρὸν
1141 1729 1255 1802 εύκαι-

300 1865 362 1925 ρον
378 1840 435 1907 καὶ
452 1838 624 1927 πρόφασιν
643 1841 778 1907 δικαίαν
798 1843 1004 1924 νομίζοντες,
1022 1834 1082 1905 τὸν
1101 1836 1163 1924 μὲν
1180 1835 1258 1906 Ἀυ-

299 1956 444 2010 τωνῑυον
463 1938 567 2011 αὐτόν
588 1943 698 2010 τεκαὶ
718 1939 780 2028 τήν
800 1942 925 2028 μητέρα
944 1945 1110 2027 Σοαιμίδα
1131 1942 1257 2029 (παρήν

262 2075 283 2114 ιε
300 2042 364 2132 γὰρ
387 2040 431 2125 ιδς
450 2044 594 2133 σεβαστή
620 2071 655 2113 τε
682 2047 737 2113 καὶ
763 2042 883 2132 μήτηρ)
904 2039 1098 2133 ἀναιροῦσι,
1116 2046 1194 2140 τούς
1220 2074 1256 2116 σε

299 2149 376 2237 περὶ
397 2143 503 2216 αύτδν
521 2147 661 2234 πάντας,
680 2143 751 2217 ὅσοι
774 2152 874 2216 ἔνδον
889 2147 1148 2236 κατελήφθησαν
1167 2146 1256 2238 ὑπη-

299 2253 391 2339 ρέται
407 2278 442 2319 τε
456 2254 512 2320 καὶ
526 2253 684 2341 συνεργοὶ
704 2250 848 2320 ἐδόκουν
868 2248 953 2319 εἶναι
973 2258 1041 2320 τῶν
1062 2248 1255 2341 άμαρτημά-
1372 2312 1375 2317 ,

300 2381 376 2423 των.
409 2352 450 2423 τά
464 2355 501 2423 δὲ
516 2354 650 2443 σώματα
664 2360 725 2424 τοῦ
739 2381 775 2423 τε
792 2349 995 2423 ’Λντωνίυου
1009 2356 1136 2442 καὶτῆς
1149 2366 1255 2424 Σοαι-
1269 2370 1287 2423 9

300 2452 403 2545 μίδος
412 2460 602 2547 παρέδοσαν
615 2456 734 2545 σύρειν
752 2458 857 2527 τεκαὶ
879 2459 1067 2545 ἐνυβρίζειν
1085 2474 1154 2539 τοῖς
1173 2466 1255 2545 βου-

261 2592 286 2631 υο
303 2562 472 2648 λομένοις·
492 2557 576 2650 άπερ
599 2562 653 2631 ἐπὶ
669 2557 755 2629 πολύ
775 2557 832 2628 διὰ
851 2558 958 2645 πάσης
970 2567 1028 2645 τής
1048 2559 1174 2639 πόλεως
1194 2582 1257 2628 συ-

301 2665 401 2749 ρέντα
419 2690 454 2733 τε
476 2666 533 2733 καὶ
553 2664 748 2752 λωβηθέντα
762 2666 795 2742 ἐς
811 2657 888 2739 τούς
908 2657 1043 2747 ὀχετούς
1062 2658 1257 2751 ἀπερρίφθη

300 2764 380 2846 τούς
394 2769 427 2847 ἐς
440 2764 500 2837 τὸν
513 2768 668 2856 Θύμβριν
681 2762 828 2853 ποταμὸν
843 2765 986 2852 ῥέοντας.

399 2865 597 2952 Ἀντωνῖνος
610 2870 672 2959 μὲν
681 2859 744 2939 οὖν
758 2872 791 2950 ἐς
800 2870 896 2936 ἕκτον
909 2873 980 2948 ἔτος
994 2866 1111 2949 ἐλάσας
1124 2874 1181 2957 τῆς
1194 2875 1258 2957 βα-
1273 2884 1305 2936 10

301 2979 426 3053 σιλείας
445 2975 502 3042 καὶ
517 2976 721 3064 χρησάμενοςΙ
740 2980 785 3066 τῷ
806 2973 1034 3064 προειρημένῳ
1050 2980 1129 3065 βίῳ,
1150 2968 1258 3054 οὕτως

261 3110 286 3148 τι
304 3072 371 3165 ἅμα
392 3082 432 3166 τῇ
452 3080 552 3166 μητρὶ
572 3081 809 3167 κατέστρεψεν·
830 3080 865 3143 οἱ
881 3074 918 3143 δὲ
937 3082 1133 3164 στρατιῶται
1154 3072 1256 3146 αύτο-

301 3179 448 3269 κράτορα
462 3178 521 3249 τὸν
530 3178 747 3270 Ἁλέξανδρον
760 3176 1045 3267 ἀναγορεύσαντες
1063 3182 1096 3260 ἐς
1109 3177 1148 3247 τδι
1162 3188 1305 3274 {ia-¹332}

301 3289 410 3353 σίλεια
425 3279 610 3373 ἀνήγαγον,
625 3289 745 3374 κομιδή
759 3284 838 3353 νέου
850 3282 907 3351 καὶ
920 3281 1011 3353 πάνυ
1023 3278 1091 3353 ύπδ
1105 3290 1145 3374 τή
1157 3285 1257 3374 μητρὶ

302 3388 359 3457 καὶ
377 3392 417 3477 τή
430 3388 545 3480 μάμμη
563 3386 891 3475 παιδαγωγούμενον.
