3134 4367
329 441 370 502 94
735 441 888 501 ΊῬΙΤΟΝ

330 609 495 702 ἐρχεται;”
510 613 567 682 καὶ
582 618 686 682 ταῦτα
699 610 805 682 είπῶν
823 610 953 682 κελεύει
972 618 1018 705 τῷ
1039 611 1197 704 χιλιάρχῳ
1219 629 1287 693 τοῖς

330 742 366 786 τε
380 705 524 804 παροῦσι
537 718 758 804 σπεισαμένοις
772 714 812 785 τά
827 717 908 805 ξίφη
923 722 1086 802 φονεῦσαι
1103 713 1162 785 τὸν
1180 712 1287 803 άνδρα

279 832 318 898 12'
332 815 377 901 ῶς
389 815 664 908 ὁμολογουμένως
682 821 851 907 πολέμιον.
905 826 939 887 οῖ
954 818 991 887 δέ
1004 817 1048 907 μὴ
1062 818 1285 907 μελλήσαντες
1354 901 1358 911 ¹

331 922 526 994 κελεύσαντι
543 928 588 1016 τῷ
608 924 674 1015 νέφ
695 929 829 1011 βασιλεῖ
845 927 1037 1010 πείθονται,
1052 920 1234 1010 άναιρούσί
1251 949 1287 991 τε

330 1022 435 1095 αὐτὸν
447 1027 503 1095 καὶ
516 1023 553 1095 τδ
567 1032 661 1113 σῶμα
675 1028 852 1113 ῥίπτουσιν
864 1028 896 1105 ἐς
909 1022 970 1113 τὴν
983 1026 1168 1115 λεωφόρον,
1184 1021 1229 1105 ῶς
1242 1020 1285 1094 άν
1302 1058 1315 1100 5

330 1135 411 1199 πᾶσι
426 1126 576 1216 φανερὸν
589 1130 720 1216 γένοιτο
735 1130 792 1197 καί
811 1124 878 1197 ὑπὸ
892 1127 1081 1215 μισούντων
1094 1124 1286 1218 ὑβρισθείη.

280 1273 345 1312 ..μοι
448 1231 555 1323 τούτῳ
568 1230 629 1319 μέν
647 1228 688 1320 δὴ
716 1238 762 1324 τῷ
781 1234 868 1301 τέλει
883 1230 1093 1313 Πλαυτιαυδς
1113 1230 1286 1320 ἐχρήσατο,

330 1331 485 1426 ἀπλήστῳ
501 1362 537 1403 τε
550 1333 647 1422 ζήσας
665 1334 800 1403 πάντων
813 1337 992 1425 ἐπιθυμίᾳ,
1013 1337 1069 1404 καὶ
1082 1334 1287 1424 χρησάμενος

282 1448 319 1510 13
332 1441 369 1507 ἐν
381 1445 427 1531 τῷ
442 1439 527 1506 τέλει
541 1433 667 1531 άπίστφ
681 1433 862 1528 ὑπηρεσίᾳ·
896 1432 967 1507 ὁδέ
980 1444 1132 1525 Σωτῆρος
1144 1444 1206 1506 τού
1222 1439 1286 1526 μὲν

329 1546 450 1610 λοιποῦ
472 1540 673 1630 ἐπάρχοντας
700 1541 763 1610 δύο
782 1546 850 1610 τῶν
872 1544 1104 1629 στρατοπέδων
1124 1542 1284 1629 κατέστη·
1303 1562 1324 1610 ιι

229 1696 233 1706 .
329 1665 407 1732 σευ,
422 1640 523 1725 αὐτὸς
537 1643 575 1713 δέ
588 1642 628 1713 τά
641 1652 777 1713 πλεῖστα
798 1649 858 1712 τού
873 1650 951 1732 βίου
976 1646 1142 1731 διέτριβεν
1161 1646 1199 1713 ἐν
1216 1659 1286 1724 τοῖς

265 1801 267 1806 «
330 1755 513 1835 βασιλικοῖς
536 1754 745 1838 προαστείοις
762 1748 818 1815 καὶ
839 1762 907 1829 τοῖς
924 1753 1097 1836 παραλίοις
1117 1752 1174 1834 τῆς
1188 1754 1286 1835 Καμ-

330 1858 450 1930 πανίας
463 1857 614 1937 χωρίοις,
629 1847 771 1934 δικάζων
784 1877 821 1918 τε
834 1850 889 1917 καὶ
902 1847 942 1917 τὰ
962 1847 1114 1919 πολιτικά
1134 1854 1283 1918 διοικῶν.

331 1950 472 2039 ἀπάγειν
492 1950 556 2041 γάρ
577 1948 680 2040 ἤθελε
703 1950 781 2033 τούς
801 1957 921 2032 παῖδας
937 1958 995 2039 τῆς
1015 1956 1051 2022 ἐν
1066 1949 1171 2042 Ῥύμῃ
1196 1959 1286 2022 διαί-

331 2082 403 2143 της,
418 2062 558 2143 χρηστῆς
575 2055 655 2144 <δέ>
673 2051 872 2141 ἀπολαύειν,
894 2056 1029 2141 ἐπείπερ
1050 2052 1175 2135 αύτούς
1195 2056 1283 2144 ἕῶρα
1300 2078 1322 2123 ιε

330 2158 407 2246 περὶ
421 2155 460 2226 τά
473 2158 623 2246 θεάματα
637 2156 881 2238 ἐσπουδακότας
895 2153 1139 2246 ἀπρεπέστερον
1152 2153 1173 2246 ἢ
1186 2166 1284 2248 βασι-

301 2268 448 2333 2λεῦσιν
462 2256 613 2349 ἥρμοζεν.
654 2257 724 2349 ἦτε
743 2262 821 2350 περί
841 2264 952 2329 ἐκεῖνα
965 2258 1094 2349 σπουδὴ
1111 2263 1168 2331 καί
1187 2270 1285 2350 φιλο-

276 2422 278 2425 ,
330 2370 454 2450 νεικία,
470 2363 633 2453 διάφορον
650 2370 770 2451 ἔχουσα
788 2364 844 2433 καί
860 2359 1042 2433 ἀντίπαλον
1053 2360 1105 2433 ἀεὶ
1118 2362 1180 2452 τὴν
1193 2364 1284 2453 γνῶ-

329 2494 413 2555 μην,
433 2472 500 2536 τῶν
520 2463 678 2555 ἀδελφῶν
696 2466 850 2554 ἐτάραττε
872 2464 930 2547 τὰς
950 2467 1072 2555 ψυχάς,
1094 2467 1283 2557 ἐναύσματά

329 2598 365 2640 τε
379 2574 488 2659 έριδος
501 2571 556 2639 καλ
572 2576 693 2657 ἔχθρας
707 2585 852 2659 παρεῖχε.
880 2569 1020 2658 μάλιστα
1034 2570 1071 2639 δέ
1085 2566 1103 2639 ὁ
1122 2567 1281 2641 ’Λντωνί-
1297 2593 1322 2633 2⁰

329 2702 387 2754 νος
401 2669 568 2762 άφόρητος
589 2663 632 2761 ἦν
645 2670 955 2761 ἀποσκευασάμενος
977 2672 1036 2743 τὸν
1056 2675 1281 2745 Πλαυτιανόν.

329 2772 441 2867 ᾐδεῖτο
454 2776 492 2845 δέ
505 2778 561 2844 καὶ
575 2780 727 2865 ἐφοβεῖτο
748 2774 807 2846 τὸν
825 2779 948 2867 πατέρα
968 2780 1091 2865 πρᾶξαί
1107 2805 1138 2845 τι
1158 2774 1283 2866 άνηκε-

331 2900 424 2949 στου·
444 2885 483 2969 τῇ
503 2905 538 2947 τε
556 2881 701 2967 θυγατρὶ
724 2879 787 2967 μέν
809 2881 941 2947 ἐκείνου
961 2881 1097 2967 γυναικὶ
1120 2880 1158 2949 δὲ
1176 2877 1283 2950 αύτού

294 3000 312 3054 3
330 2982 428 3051 παντὶ
440 2980 551 3070 τρόπῳ
566 2982 715 3050 θάνατον
728 2984 920 3069 ἐμηχανᾶτο.
971 2977 988 3051 ὁ
1004 2982 1041 3052 δέ
1053 2990 1204 3072 Σεοηρος
1218 2980 1283 3053 αύ-

329 3084 391 3173 την
411 3111 447 3153 τε
467 3077 608 3171 ἐκείνην
620 3084 677 3152 καὶ
698 3080 758 3153 τὸν
776 3079 925 3171 ιἰδελφὸν
943 3081 1044 3173 αὐτῆς
1058 3088 1096 3167 1ἐς
1116 3093 1279 3155 Σικελίαν
1295 3103 1322 3146 ²⁵

329 3188 528 3275 ἐξέπεμψεν,
543 3182 692 3274 αὐτάρκη
710 3184 791 3266 δούς
805 3193 1001 3276 περιουσίαν
1021 3191 1053 3269 ἐς
1072 3187 1109 3258 τὸ
1125 3195 1280 3279 διαβιοῦν

330 3294 495 3375 δαψιλῶς,
513 3288 737 3377 μιμησάμενος
757 3286 816 3359 τὸν
834 3290 1021 3379 Σεβαστόν·
1042 3295 1099 3361 καλ
1114 3290 1178 3382 γὰρ
1193 3295 1281 3362 έκεῖ-

329 3419 387 3472 νος
400 3406 468 3491 τοῖς
481 3387 661 3461 Ἀντωνίου
670 3398 779 3478 παισί,
795 3400 954 3482 πολεμίου
965 3396 1158 3483 γενομένου,
1172 3392 1280 3476 οὕτως

279 3541 282 3571 ;
329 3493 499 3584 ἐχρήσατο.
525 3490 626 3576 αύτδς
644 3494 681 3565 δέ
699 3497 853 3585 ἐπειρᾶτο
867 3496 1026 3585 συνάγειν
1039 3495 1091 3568 ἀεὶ
1107 3496 1185 3579 τούς
1200 3515 1280 3569 παῖ-

329 3603 389 3681 δας
409 3602 442 3680 ἐς
462 3604 579 3685 φιλίαν
599 3600 656 3668 καὶ
674 3600 872 3689 προτρέπειν
889 3603 922 3682 ἐς
940 3597 1099 3690 ὁμόνοιαν
1117 3603 1173 3671 καὶ
1192 3622 1279 3691 συμ-
1295 3623 1321 3663 ³⁰

330 3708 477 3790 φωνίαν,
499 3701 622 3790 μύθων
651 3729 686 3772 τε
712 3697 859 3792 ἀρχαίων
880 3707 936 3773 καὶ
959 3704 1135 3794 δραμάτων
1155 3700 1279 3794 ύπεμί·

270 3841 282 3880 ι
308 3828 481 3895 mom,
502 3801 556 3878 άεί
573 3807 744 3897 βασιλέων
767 3802 924 3898 ἀδελφῶν
944 3806 1117 3899 συμφορὰς
1134 3811 1171 3877 ἐκ
1196 3806 1278 3878 ττά·
