3134 4367
295 399 335 461 86
701 377 851 457 TPITON

296 570 431 663 ἀνδρῶν
444 571 585 651 τοξοτῶν
602 565 798 657 ἀκμάζουσα.
820 565 890 638 ὅδὲ
903 573 962 636 τοῦ
978 566 1134 657 Σευηρου
1149 587 1253 657 στρα-

298 674 353 757 τός
373 672 677 763 προσκαθεζόμενος
693 671 880 762 ἐπολιόρκει
899 672 999 740 παντὶ
1018 674 1152 758 σθένει,
1174 698 1252 741 πει-

299 778 446 869 ρώμενος
459 775 520 863 την
540 775 639 847 πόλιν
661 778 799 858 ἐξελεῖν·
819 779 965 863 μηχαναί
983 801 1018 842 τε
1040 776 1253 844 παντοδαπαὶ

298 876 505 969 προσήγοντο
525 886 570 971 τῷ
590 885 706 966 τείχει,
728 880 784 946 καὶ
806 876 908 947 οῦδὲν
926 883 1144 963 παρελείπετο
1165 877 1254 957 εἶδος

268 1002 284 1054 5
301 988 500 1072 πολιορκίας.
559 987 595 1051 οί
612 983 649 1051 δὲ
671 978 824 1069 Ἀτρηνοὶ
845 987 1007 1069 γενναίως
1033 977 1281 1069 άπεμάχοντο,ι

299 1086 403 1169 τόξοις
423 1113 459 1155 τε
480 1087 536 1154 καί
558 1092 668 1164 λίθοις
694 1080 831 1155 άνωθεν
859 1083 1037 1173 βάλλοντες
1062 1080 1104 1153 ού
1127 1089 1255 1174 μικρῶς

300 1190 447 1260 ἐλύπουν
470 1186 529 1256 τόν
542 1195 603 1257 τοῦ
617 1187 771 1275 Σεεήρου
789 1185 939 1276 στρατόν.
973 1186 1076 1274 σκεύη
1098 1214 1134 1257 τε
1154 1185 1254 1275 κερά-

299 1320 365 1382 μου
378 1293 582 1378 πεποιημένα
595 1296 800 1379 πληροῦντες
813 1297 966 1379 πτηνῶν,
985 1297 1115 1377 μικρῶν
1128 1291 1191 1377 μέν
1206 1296 1255 1358 ίο-

302 1396 413 1484 βόλων
426 1394 464 1463 δέ
477 1400 618 1483 θηρίων,
627 1396 811 1481 ἐπέβαλλον
824 1391 952 1473 αύτοίς·
967 1391 1007 1462 τά
1021 1393 1059 1462 δέ
1072 1394 1254 1482 ἐμπίπτον-

303 1526 342 1567 τα
355 1512 425 1577 ταῖς
440 1493 553 1584 ὄψεσι,
568 1498 625 1566 καὶ
639 1505 672 1565 εί
688 1501 722 1564 τί
734 1523 802 1566 που
815 1495 1099 1585 παραγεγύμνωτο
1112 1503 1174 1565 τοῦ
1188 1494 1255 1565 σῶ-
1272 1514 1292 1555 1⁰

302 1627 418 1689 ματος,
433 1600 645 1669 λανθάνοντα
665 1602 721 1669 καί
740 1599 954 1688 παρεισιόντα
976 1598 1202 1688 τιτρῶσκοντά
1222 1625 1256 1667 τε

273 1700 429 1784 6αύτοῦς
451 1706 655 1791 ἐλυμαίνετο.
708 1704 829 1793 καὶμὴ
851 1704 1010 1791 φέροντες
1030 1701 1067 1772 τὸ
1090 1707 1257 1791 πνιγῶδες

303 1814 363 1877 τοῦ
378 1804 474 1896 άέρος
488 1804 544 1875 διά
557 1805 593 1876 τό
608 1802 820 1895 ὑπερβάλλον
840 1813 900 1877 τοῦ
918 1801 1015 1893 ἡλίου
1037 1812 1124 1894 πῦρ,
1145 1804 1258 1884 νόσοις

303 1915 553 1996 περιπίπτοντες
567 1915 819 1998 διεφθείροντο,
841 1906 885 1991 ῶς
904 1917 1059 1979 πλεῖστον
1082 1910 1182 1998 μέρος
1199 1912 1258 1977 τοῦ

303 2017 445 2101 στρατοῦ
467 2010 522 2079 διά
547 2010 699 2093 τοιαύτας
725 2018 831 2093 αίτίας
853 2018 979 2101 μᾶλλον
998 2008 1210 2082 ἀπόλλυσθαι
1235 2005 1293 2098 ἤιε

270 2145 273 2152 ·
304 2111 387 2203 πρός
399 2120 467 2183 τῶν
479 2119 657 2203 πολεμίων.

274 2225 291 2279 7
407 2213 674 2306 ἀπαγορεύοντος
695 2215 733 2285 δὲ
751 2222 811 2286 τοῦ
834 2222 978 2303 στρατοῦ
998 2215 1082 2305 πρὸς
1103 2214 1144 2285 τά
1167 2222 1258 2306 είρη-

305 2321 405 2408 μένα,
421 2325 480 2408 τῆς
492 2347 528 2388 τε
542 2326 732 2409 πολιορκίας
746 2318 792 2407 μὴ
812 2318 1049 2409 προχωρούσης
1070 2316 1155 2389 άλλά
1174 2327 1259 2408 μάλ-

306 2430 366 2492 λον
379 2424 617 2510 βλαπτομένων
629 2429 698 2492 τῶν
710 2418 878 2511 Ῥωμαίων
887 2418 909 2511 ἦ
917 2423 1191 2511 κατορθούντων,
1201 2421 1260 2493 τὸν

307 2524 448 2615 στρατόν
461 2522 479 2595 ό
493 2534 652 2618 Σεεῆρος,
664 2521 708 2606 ῶς
721 2523 765 2614 μη
780 2532 985 2616 διαφθαρείη
1000 2532 1073 2612 πῶς,
1089 2522 1259 2616 άπρακτον
1274 2550 1296 2591 ν

307 2628 509 2717 ἐπανήγαγε,
523 2636 760 2720 δυσφοροῦντα
773 2630 828 2698 ἐπὶ
847 2635 892 2721 τῶ
913 2627 957 2718 μη
979 2625 1022 2709 ῶς
1042 2630 1201 2718 ἐβούλετο
1222 2626 1261 2699 τά

307 2738 364 2820 τῆς
373 2741 565 2821 πολιορκίας
573 2731 664 2826 αύτῷ
674 2733 978 2823 προκεχωρηκέναι·
991 2740 1090 2802 νικᾶν
1099 2730 1164 2822 γάρ
1175 2729 1262 2802 πάν-

275 2845 381 2905 8τοτε
401 2838 438 2905 ἐν
459 2853 529 2916 ταῖς
548 2837 665 2925 μάχαις
689 2837 877 2922 εἰθισμένος
903 2833 939 2904 τδ
959 2834 1004 2923 μὴ
1024 2838 1262 2924 περιγενέσθαι

306 2928 409 3026 ἧτταν
423 2933 544 3025 ἡγεῖτο.
571 2937 659 3025 πλὴν
672 2936 931 3026 παρεμυθήσατο
945 2934 1050 3007 αύτδν
1066 2935 1086 3027 ἡ
1101 2959 1262 3029 συναιρο-

307 3042 390 3129 μένη
405 3039 477 3109 τότε
491 3056 558 3121 τοῖς
571 3043 701 3110 ἐκείνου
721 3037 890 3128 πράγμασι
909 3041 1007 3130 τύχη·
1029 3038 1070 3110 ού
1091 3040 1155 3129 γάρ
1175 3068 1262 3111 παν·
1276 3068 1296 3108 ω

308 3142 452 3212 τάπασιν
470 3140 636 3228 άπρακτος
655 3144 865 3231 ἐπανῆλθεν,
887 3140 970 3212 άλλδι
986 3150 1120 3232 μείζονα
1140 3173 1263 3234 κατορ-

275 3260 292 3314 9
310 3243 425 3325 θύσας
439 3236 487 3315 ῶν
500 3241 629 3333 ἤλπισε.
680 3248 875 3315 καταπλέων
888 3244 953 3335 γάρ
966 3243 990 3317 ’ό
1005 3246 1144 3338 στρατός
1163 3249 1264 3317 ναυσὶ

310 3354 447 3429 πολλαῖς
466 3344 528 3418 οῦκ
545 3350 579 3429 ἐς
600 3344 638 3429 ῦς
662 3348 820 3438 ἐβούλετο
839 3345 1009 3438 Ῥωμαίων
1031 3347 1136 3439 ὄχθας
1162 3379 1263 3440 κατη-

309 3451 432 3539 νέχθη,
449 3454 503 3521 ἐπί
517 3459 673 3522 πλεῖστον
693 3452 730 3521 δὲ
750 3449 855 3522 αύτδν
869 3455 1085 3542 ἐξαγαγόντος
1107 3460 1169 3523 τοῦ
1184 3453 1264 3543 ῥεύ-

309 3579 411 3642 ματος
436 3554 640 3642 προσύκειλε
665 3571 736 3638 ταῖς
760 3564 972 3646 Παρθυαίων
1000 3554 1133 3645 ὄχθαις,
1158 3564 1195 3627 αἳ
1219 3554 1296 3647 μὴν

310 3663 443 3727 πολλῶν
464 3653 598 3745 ἡμερῶν
622 3654 705 3728 ὁδόν
731 3656 868 3747 άπεϊχον
891 3668 948 3747 τῆς
977 3663 1010 3742 ἐς
1041 3668 1264 3748 Κτησιφῶντα

309 3760 452 3849 ἐφόδου,
468 3767 552 3831 ἔνθα
565 3752 608 3850 ἦν
620 3759 660 3831 τά
673 3769 825 3851 βασίλεια
840 3771 899 3833 τοῦ
914 3771 1116 3858 Παρθυαίον
1130 3766 1187 3834 καὶ
1202 3759 1264 3834 αῦ-
