3134 4367
549 439 823 507 ετεετειυιιτοε,
842 442 892 507 τε,
917 435 952 493 α’.
1190 444 1230 509 25

259 615 519 706 άναθαρροῦσιν
533 621 572 686 αί
582 614 751 706 δυνάμεις,
767 614 819 685 ὅτ’
834 611 877 686 άν
889 614 971 706 μετά
984 622 1042 707 τῆς
1056 611 1125 688 τῶν
1137 624 1231 689 θεαῖν

260 719 398 811 γνιόμης
421 722 543 804 ἐξιέναι
565 727 744 808 νομίζωσιν
758 721 813 789 ἐπὶ
826 716 904 800 τούς
916 719 1115 802 κινδύνους·
1134 719 1230 793 αὐτοὶ

260 822 330 913 γάρ
348 820 567 893 ὀπιπεύονται
586 820 663 891 κατ’
684 828 777 893 ἰδίαν
795 825 933 903 ἕκαστος
953 826 1010 894 καὶ
1033 840 1153 913 σημεῖα
1173 827 1231 895 καί

262 924 382 1017 φωνάς
400 929 670 1015 παρατηροῦσιν,
685 922 706 1013 ἡ
721 921 755 993 δ’
768 922 854 1014 ὑπὲρ
868 926 1005 996 πάντων
1022 928 1231 1017 καλλιίρησις

262 1027 415 1109 καὶτοὺς
430 1035 500 1121 ίδίμ
515 1033 774 1116 δυσθυμοῦντας
790 1024 989 1119 άνίρρωσεν.
1004 1038 1055 1099 27.
1064 1027 1160 1099 ἑάνδ
1175 1032 1230 1100 ἐπὶ

262 1129 465 1203 τούναντίον
483 1129 524 1201 τά
549 1127 622 1217 ἱερά
641 1133 793 1219 γένηται,
814 1134 930 1220 μένειν
951 1134 1087 1203 ἐπὶτῶν
1106 1129 1229 1219 αὐτῶν,

261 1230 331 1306 κάν
355 1233 489 1324 σφόδρα
514 1261 547 1302 τι
569 1236 702 1322 ἐπείγῃ,
731 1238 800 1303 πάν
819 1231 1001 1324 ὑπομένειν
1025 1233 1063 1305 τὸ
1086 1232 1229 1324 δύσχρη-

263 1359 347 1408 στον
370 1378 416 1389 -
437 1334 544 1422 οὐθὲν
556 1334 621 1425 γάρ
636 1335 777 1406 δύναται
792 1348 918 1408 παθεῖν
930 1354 1060 1429 χεῖρον,
1082 1328 1131 1407 ὧν
1147 1363 1228 1427 προ-

263 1439 388 1530 μηνάει
401 1438 437 1508 τὸ
450 1438 624 1529 δαιμόνιον
634 1480 693 1526 -,
708 1434 762 1524 ὡς,
776 1435 820 1508 άν
832 1442 874 1527 γί
882 1468 914 1510 τι
927 1458 1080 1533 κρεῖττον
1092 1446 1230 1511 ἔσεσθαι

262 1546 369 1634 μέλλη
389 1548 458 1612 τῶν
479 1540 674 1632 παρόντων,
700 1538 829 1631 ἀνάγκη
850 1551 1058 1636 καλλιερεῖν,
1080 1543 1231 1615 θύεσθαι

264 1646 304 1717 δὲ
317 1650 375 1735 τῆς
392 1643 495 1734 αὐτῆς
508 1642 630 1734 ἡμέρας
644 1644 819 1724 πολλάκις·
840 1642 910 1735 ὥρα
922 1646 987 1736 γάρ
1000 1653 1060 1738 μία
1074 1648 1131 1716 καὶ
1145 1645 1228 1717 άκα-
1247 1656 1281 1710 59

263 1748 326 1840 ρης
347 1748 466 1839 χρόνος
484 1742 507 1836 ἢ
526 1745 726 1836 φθάσαντας
747 1744 914 1837 ἐλάκησεν
933 1745 954 1838 ἢ
974 1747 1228 1840 ὑστερήσαντας.

263 1859 320 1924 28
338 1859 398 1921 καί
408 1878 464 1940 μοι
484 1855 580 1921 δοκεῖ
591 1847 649 1930 τάς
661 1846 736 1920 κατ’
752 1847 901 1940 οάρανὸν
917 1850 1068 1943 άστέρων
1082 1851 1229 1941 κινήσεις

263 1956 322 2025 καὶ
335 1951 499 2034 άνατολάς
513 1955 570 2023 καλ
580 1945 697 2034 δύσεις
715 1955 771 2024 καὶ
788 1953 964 2043 σχημάτων
980 1962 1143 2046 ἐγκλίσεις
1159 1982 1230 2043 τρι-

262 2056 386 2147 γάνων
410 2058 467 2127 καὶ
492 2054 711 2147 τετραγώνων
724 2058 780 2128 καλ
798 2056 1018 2150 διαμέτρωνη
1037 2057 1162 2147 θυτικη
1176 2056 1232 2129 διά

265 2159 469 2285 σπλάγχνων
488 2156 721 2253 άλλοιομόρφω
746 2168 878 2252 θεωρίᾳ
897 2165 1169 2253 προσημαίνειν,
1182 2189 1231 2231 ων

265 2269 305 2334 αἱ
313 2261 404 2353 παρά
417 2261 538 2352 μικρὸν
552 2264 713 2351 διαφοραὶ
732 2265 789 2332 καὶ
805 2262 964 2353 δυνάμεις
982 2266 1039 2334 καλ
1059 2260 1228 2333 άποθειιά-

264 2388 336 2447 σεις
355 2371 392 2437 ἐν
413 2362 520 2457 ημίρμ
539 2370 599 2457 μιᾷ
621 2371 749 2454 μαλλον
768 2362 845 2435 δ
818 2392 889 2458 ωρρι
906 2369 963 2437 καὶ
975 2374 1126 2457 βασιλεῖς
1138 2368 1228 2435 ἐποί-

265 2490 354 2562 ησαν
365 2471 422 2539 καί
436 2468 673 2558 αίχμαλάτους.

575 2793 843 2865 ΚΕΦΑΛΑΙΟΝ
868 2793 924 2863 ΙΑ.
962 2802 964 2807 ’

725 2946 766 3019 α’.

267 3058 372 3156 [mm
399 3094 476 3147 υον
504 3097 568 3147 οτι
595 3096 660 3146 Am
684 3097 761 3149 υαα
781 3094 983 3149 nomm
1004 3095 1231 3147 ΣΧΗιιΑτττο.
1292 3103 1296 3108 -

300 3180 433 3233 ΜΕΝΩΝ
460 3182 626 3234 ΦΕΤΓΕΙΝ
646 3183 703 3233 ΜΗ
730 3171 866 3233 ΑΠΛΩΣ
886 3182 951 3232 ΚΑΙ
977 3180 1027 3231 ΩΣ
1047 3179 1200 3232 ET‘I'XEN

515 3266 683 3319 ΕΧΕΣΘΑΙ
704 3268 781 3317 ΤΗΣ
798 3260 984 3327 ΔΙΩΞΕΩΣλ

321 3400 349 3459 1.
361 3385 494 3477 Ἐπειδὴ
507 3389 544 3459 δὲ
557 3388 716 3469 πολλάκις
728 3390 911 3478 θυομένοις
924 3385 968 3469 ὥς
981 3390 1044 3478 μὲν
1063 3395 1111 3469 είς
1125 3388 1234 3477 μάχην

266 3491 355 3561 καλά
369 3499 520 3580 γίγνεται
533 3489 574 3560 τά
587 3491 671 3581 ίερά,
686 3490 742 3561 διά
755 3492 794 3561 δὲ
804 3490 909 3579 μάχης
918 3489 999 3561 ὅλον
1011 3496 1119 3562 ἐνίοτε
1133 3514 1233 3580 στρα-

264 3595 442 3684 τευμάτων
461 3592 608 3719 ολεθρρν
620 3601 859 3684 προσημαίνει,
878 3599 948 3662 τῶν
961 3591 1234 3682 ἀναγκαιοτάτων

265 3694 498 3787 ηγουμαιπερδ
513 3696 637 3767 τούτου
648 3696 793 3790 φράσαι.
806 3705 840 3769 2.
854 3701 916 3788 τῆς
931 3722 999 3787 γαρ
1012 3693 1202 3780 mmm&
1212 3696 1267 3749 ⁰³

247 3799 558 3885 Μμίνηεπολλάς
569 3805 634 3877 καὶ
647 3811 826 3893 παντοίας
839 3801 940 3879 εἶναι
951 3790 1215 3888 oupbffiffl
1196 3781 1262 3846 Μ
1259 3800 1309 3846 *²⁴
