3134 4367
308 423 366 485 130
560 457 568 479 x
672 424 889 485 ΠΕΜΠΤΟΝ

307 596 406 668 λαινά
419 624 454 666 τε
469 593 489 685 ἡ
502 596 606 685 χροιά.
621 602 750 684 διιπετη
765 624 801 666 τε
814 592 919 667 αύτόν
933 596 1018 665 εἶναι
1033 602 1257 686 σεμνολογοῦ-

308 725 378 789 σιν,
394 701 503 788 ἐξοχάς
516 701 554 769 τέ
573 728 664 780 τινας
686 707 842 788 βραχείας
862 702 919 770 καὶ
940 699 1065 780 τύπους
1079 700 1257 769 δεικνύου-

308 830 378 892 σιν,
394 804 506 873 είκόνα
518 832 554 874 τε
574 800 669 892 ἡλίου
684 800 886 891 ἀνέργαστον
901 803 986 873 εἶναι
1004 806 1185 890 θέλουσιν,
1200 799 1258 872 οῦ-

278 917 353 978 6τω
367 910 552 996 βλέποντες.
580 906 685 997 τούτῳ
700 905 741 993 δη
761 913 807 997 τῷ
827 914 897 999 θεῷ
921 904 1140 987 ὁΒασσιανδς
1162 911 1259 994 ίερω-

306 1013 404 1099 μένος
424 1007 497 1095 (ἀπε
523 1008 585 1099 γὰρ
606 1012 821 1102 πρεσβυτέρῳ
848 1013 965 1103 ἐκείνῳ
993 1013 1213 1098 ἐγκεχείριστο
1238 1005 1280 1097 ηε

305 1119 483 1203 θρησκεία)
498 1113 613 1203 προῄει
628 1140 663 1181 τε
676 1113 814 1201 σχήματι
828 1114 1003 1205 βαρβάρῳ,
1024 1120 1165 1200 χιτῶνας
1177 1140 1259 1202 χρυ-

307 1226 446 1305 σοῦφεῖς
455 1218 511 1285 καὶ
525 1213 700 1306 ἁλουργεῖς
712 1215 927 1306 χειριδωτοὺς
941 1219 996 1285 καὶ
1010 1216 1167 1304 ποδήρεις
1182 1213 1259 1285 ἀνε-

307 1323 485 1407 ζωσμένος,
503 1319 591 1388 τότε
607 1322 707 1407 σκέλη
727 1319 834 1387 πάντα
851 1323 984 1389 σκέπων
1001 1316 1057 1387 ἀπ’
1081 1315 1216 1407 ὀνύχων
1228 1322 1259 1400 ἐς

307 1421 434 1513 μηρούς
453 1426 593 1511 ἐσθῆσιν
611 1419 732 1511 ὁμοίως
751 1429 863 1515 χρυσῷ
881 1425 937 1491 καὶ
960 1421 1120 1513 πορφύρᾳ
1142 1448 1259 1491 πεποι-

308 1529 491 1613 κιλμέναις·
507 1526 568 1614 τήν
584 1554 619 1595 τε
639 1524 791 1615 κεφαλὴν
811 1525 942 1614 ἐκόσμει
962 1528 1127 1613 στέφανος
1149 1532 1259 1594 λίθων
1276 1546 1294 1585 ¹⁰

277 1648 293 1704 7
312 1637 505 1700 πολυτελῶν
519 1637 615 1721 χροιᾷ
629 1631 875 1718 διηνθισμένος.
927 1620 970 1717 ἦν
990 1629 1027 1698 δὲ
1045 1627 1107 1716 την
1127 1623 1260 1716 ἡλικίαν

309 1732 447 1823 ἀκμαῖος
460 1736 516 1802 καὶ
530 1731 591 1822 τὴν
604 1730 686 1815 όύιν
700 1740 767 1802 τῶν
776 1729 849 1801 κατ’
866 1728 970 1801 αῦτδν
979 1727 1180 1820 ῶραιότατος
1190 1759 1261 1820 μει-

308 1843 435 1926 ρακίων
458 1836 601 1906 πόντων.
629 1840 662 1916 ές
683 1834 719 1905 τὸ
742 1833 824 1905 αύτδ
845 1834 886 1923 δη
910 1834 1096 1904 συνιόντων
1118 1833 1262 1914 κάλλους

234 2019 240 2031 .
309 1940 473 2027 σώματος,
489 1935 618 2027 ἡλικίας
631 1935 753 2026 ἀκμης,
768 1935 874 2027 ἁβροῦ
888 1939 1065 2026 σχήματος,
1080 1933 1261 2007 ἀπείκασεν

310 2040 353 2111 ἀν
367 2070 415 2122 τις
431 2039 468 2110 τό
482 2042 655 2129 μειράκιον
671 2041 845 2110 Διονύσου
859 2049 974 2122 καλαῖς
989 2042 1123 2110 είκόσιν.
1276 2067 1294 2107 ιι

279 2165 296 2217 8
412 2150 652 2234 ἱερουργοῦντα
674 2143 715 2232 δὴ
738 2150 873 2231 τοῦτον,
895 2151 975 2233 περί
992 2172 1028 2214 τε
1047 2159 1116 2224 τοῖς
1139 2152 1262 2231 βωμοῖς

309 2243 492 2337 χορεύοντα
505 2248 597 2339 νόμῳ
610 2247 791 2339 βαρβάρων
805 2243 872 2316 ῦπό
884 2275 919 2316 τε
932 2244 1047 2328 αῦλοῖς
1060 2248 1117 2315 καὶ
1130 2247 1263 2335 σύριγξι

280 2381 282 2383 ·
310 2356 532 2421 παντοδαπῶν
545 2378 581 2419 τε
596 2346 845 2441 όργόνωνῆχω,
860 2351 1115 2439 περιεργότερον
1125 2352 1262 2437 ἐπέβλε-

310 2482 375 2524 πον
390 2460 425 2523 οί
437 2482 473 2523 τε
487 2451 581 2523 ἀλλοι
596 2450 770 2544 ἀνθρωποι
784 2455 840 2522 καλ
853 2455 993 2541 μάλιστα
1008 2460 1042 2522 οῖ
1053 2460 1262 2541 στρατιῶται,

312 2554 436 2638 εἰδότες
456 2561 575 2646 γένους
593 2553 673 2627 όντα
692 2564 883 2644 βασιλικοῦ,
897 2559 953 2626 καὶ
974 2565 1031 2645 τῆς
1050 2553 1138 2644 ῶρας
1156 2553 1261 2625 αῦτοῦ
1276 2574 1297 2613 θ

280 2681 296 2734 9
313 2663 447 2732 πάντων
460 2660 516 2743 τὰς
529 2658 622 2744 όψεις
638 2664 671 2741 ἐς
692 2658 814 2748 ἑαυτὴν
827 2660 1097 2750 ἐπιστρεφούσης.
1121 2662 1263 2747 ε’γειτνί-

312 2773 366 2848 αζε
381 2766 418 2833 δὲ
431 2773 471 2855 τῇ
486 2764 579 2834 πόλει
594 2768 705 2854 ἐκείνη
722 2764 796 2833 τότε
815 2767 970 2852 μέγιστον
987 2761 1225 2852 στρατόπεδον,
1246 2759 1264 2831 δ

311 2876 369 2954 της
384 2875 543 2955 Φοινίκης
557 2866 771 2957 προησπιζεν·
794 2862 934 2955 ὕστερον
950 2867 987 2936 δὲ
1000 2869 1206 2955 μετηνέχθη,
1220 2862 1265 2947 ῶς

314 2972 350 3037 ἐν
369 2984 436 3049 τοῖς
456 2971 529 3057 ἑξῆς
547 2972 696 3057 ἐροῦμεν.
726 2975 906 3057 φοιτῶντες
925 2960 988 3038 οῦν
1008 2969 1043 3039 οἵ.
1065 2975 1263 3055 στρατιῶται

314 3072 466 3141 ἑκάστοτε
486 3076 518 3153 ἐς
540 3069 602 3158 τὴν
623 3070 738 3159 πόλιν,
759 3077 792 3152 ἔς
813 3098 849 3140 τε
871 3069 930 3140 τόν
943 3070 1030 3141 νεῶν
1053 3071 1159 3153 ἰόντες
1175 3083 1298 3162 θρη-ισ

315 3181 426 3255 σκείας
447 3172 488 3261 δὴ
507 3173 621 3262 χάριν,
641 3171 678 3242 τὸ
691 3172 865 3263 μειράκιον
877 3170 982 3262 ἡδέως
1000 3183 1149 3264 ἔβλεπον.
1178 3166 1264 3264 ἦσαν

316 3280 355 3345 δέ
369 3305 456 3358 τινες
470 3278 501 3359 ἐξ
515 3273 628 3346 αὐτῶν
640 3278 697 3345 καλ
709 3277 901 3366 πρόσφυγες
912 3285 1032 3348 οίκεῖοί
1048 3306 1083 3349 τε
1097 3284 1155 3365 της
1170 3286 1265 3348 Μαί-

268 3403 301 3455 10
315 3403 391 3467 σης,
413 3377 495 3469 πρὸς
513 3375 572 3461 οῦς
593 3383 702 3468 ἐκείνη
728 3380 956 3469 θαυμάζοντας
979 3380 1039 3452 τόν
1057 3387 1178 3468 παῖδα,
1201 3392 1265 3452 είτε

316 3484 506 3571 πλασαμένη
521 3493 586 3552 εἴτε
599 3485 655 3552 καὶ
668 3479 893 3573 ἀληθεύουσα,
908 3489 1035 3568 ἐξεῖπεν
1049 3481 1100 3554 ὅτι
1113 3481 1179 3575 ἀρα
1189 3482 1265 3554 Ἀν-

316 3698 406 3779 κοίη·
422 3694 630 3779 ἐπιφοιτῆσαι
645 3687 708 3779 γὰρ
721 3688 827 3760 αῦτδν
845 3707 915 3772 ταῖς
933 3691 1141 3781 θυγατράσιν
1162 3688 1264 3790 αὐτῆς

306 3799 401 3876 νεαις
414 3821 451 3865 τε
464 3790 582 3877 οῦσαις
595 3796 652 3865 καὶ
665 3790 821 3884 ῶραίαις,
838 3791 917 3865 καθ’
941 3789 981 3863 δν
1002 3792 1120 3885 καιρόν
1139 3797 1178 3865 έν
1198 3809 1264 3875 τοῖς
