3134 4367
669 414 844 476 ΠΡΩΤΟΝ
1194 416 1235 479 29

273 588 531 711 μονομαχήσειν.
560 585 809 676 διαδραμούσης
823 586 913 656 δὲ
873 614 931 676 της
944 586 1054 677 φήμης
1067 592 1235 661 συνέθεον

273 700 312 762 ἐκ
325 720 362 761 τε
375 698 435 780 τῆς
447 689 584 816 Ἰτρλίας
597 689 705 779 πάσης
717 692 774 759 καί
787 694 856 759 τόν
869 684 1002 781 ὁμόρων
1011 695 1135 778 ἐθνῶν,
1149 705 1232 764 θεα-

273 796 410 884 σόμενοι
425 791 447 864 ά
463 791 508 919 μη
522 794 686 883 πρότερον
698 793 780 883 μήτε
795 792 986 883 ἑωράκεσαν
998 794 1078 885 μήτε
1092 792 1231 925 ἠκηκόε-

272 921 347 968 σαν.
387 893 504 967 καὶ
464 925 529 988 γαρ
552 900 766 985 διηγγέλλετο
787 893 894 966 αὐτοῦ
913 903 971 987 τῆς
990 898 1099 989 χειρός
1117 930 1154 971 το
1143 899 1232 973 εύ-

247 1023 404 1090 εστοχου,
418 1004 475 1071 καί
488 997 539 1069 ότι
553 1007 671 1089 ἔμελεν
684 998 775 1093 αὐτῷ
789 998 993 1085 ἀκοντίζοντι
1002 1003 1057 1071 καί
1067 1003 1233 1087 τοξεύοντι

271 1104 316 1196 μὴ
331 1113 476 1175 πταίειν.
528 1096 680 1193 συνῆσαν
695 1104 731 1173 δέ
746 1103 962 1186 παιδεύοντες
976 1103 1080 1175 αὐτόν
1089 1116 1231 1199 Παρθυ-
1246 1126 1264 1179 2

272 1217 360 1278 αίων
393 1213 428 1277 οί
455 1204 590 1297 τοξικὴν
615 1206 834 1296 ἀκριβοῦντες
859 1209 916 1276 καί
944 1218 1178 1300 Μαυρουσίων
1204 1218 1238 1283 οί

272 1310 460 1395 ἀκοντίζειν
473 1309 613 1401 ἀριστοι,
623 1308 681 1391 οδς
695 1312 820 1391 πάντας
835 1308 983 1406 εὐχειρία
995 1308 1234 1404 ὑπερέβαλλεν.

273 1416 346 1486 ἐπεὶ
361 1416 399 1484 δὲ
412 1417 598 1503 κατέλαβον
611 1420 649 1484 αί
665 1420 723 1503 τῆς
735 1416 819 1495 θέας
832 1412 967 1506 ἡμέραι,
989 1414 1026 1486 τό
1048 1418 1110 1505 μὲν
1129 1416 1233 1507 ἀμφι-

234 1543 258 1584 ιο
273 1520 423 1608 θέατρον
436 1519 650 1608 πεπλήρωτο,
664 1523 711 1609 τῷ
725 1519 762 1589 δὲ
776 1518 944 1613 Κομμόδφ
959 1526 1159 1611 περίδρομος
1172 1524 1233 1591 κύ-

273 1632 343 1714 κλφ
358 1622 616 1707 κατεσκεύαστο,
638 1617 682 1701 ὦς
696 1620 740 1711 μὴ
754 1623 925 1710 συστάδην
939 1640 1006 1703 τοῖς
1023 1634 1157 1713 θηριόις
1170 1655 1233 1714 μα-

272 1725 413 1814 χόμενος
427 1723 633 1811 κινδυνεύοι,
642 1722 781 1795 ἀνωθεν
796 1726 833 1795 δέ
847 1728 903 1794 καὶ
913 1729 946 1808 ἐξ
956 1723 1126 1815 ἀσφαλοῦς
1133 1726 1233 1798 ἀκον-

273 1837 373 1913 τίζων
388 1826 558 1917 εὐστοχίας
570 1824 698 1918 μάλλον
717 1823 738 1917 ἢ
757 1827 915 1919 ἀνδρείας
929 1833 1103 1919 παρέχοιτο
1119 1823 1233 1914 δεῖξιν.

274 1932 421 2020 ἐλάφους
448 1932 511 2020 μὲν
532 1924 595 2002 οὖν
614 1934 670 2001 καί
693 1933 874 2021 δορκάδας,
899 1930 960 2002 ὅσα
982 1941 1018 2003 τε
1041 1935 1267 2026 κερασφόρα3

234 2060 258 2099 ιε
274 2034 364 2124 πλὴν
376 2035 521 2126 ταύρων,
536 2042 694 2105 συνθέων
707 2034 820 2117 αὐτοῖς
834 2037 890 2107 καί
904 2038 1122 2108 καταδιάκων
1135 2046 1233 2127 ἔβαλ-

273 2150 329 2225 λε,
346 2139 495 2227 φθάνων
508 2167 544 2208 τε
562 2136 675 2208 αὐτῶν
694 2138 754 2209 τὸν
775 2141 900 2231 δρόμον
920 2141 976 2210 καί
999 2153 1140 2230 πληγαῖς
1159 2170 1233 2211 και-

273 2250 362 2331 ρίαις
376 2239 541 2331 ἀναιρῶν·
563 2245 698 2322 λέοντας
712 2243 819 2314 δὲκαὶ
833 2245 1030 2334 παρδάλεις,
1046 2242 1107 2316 ὅσα
1119 2273 1156 2315 τε
1170 2251 1235 2339 ζῷα

272 2362 432 2435 γενναῖα,
455 2348 627 2436 περιθέων
645 2343 783 2417 ἀνωθεν
802 2347 1045 2439 κατηκόντιζεν.
1087 2346 1170 2419 οάδέ
1186 2377 1235 2429 τις

275 2450 367 2519 εἶδεν
380 2447 537 2519 ἀκόντιον
551 2449 710 2539 δεύτερον
723 2448 804 2521 οὐδὲ
823 2458 953 2543 τραῦμα
973 2449 1053 2522 ἀλλο
1068 2450 1156 2539 πλὴν
1174 2458 1235 2520 τοῦ
1283 2461 1287 2479 ’

235 2552 536 2642 τοθανατηφόρου·
571 2550 638 2642 ἀμα
658 2550 722 2643 γάρ
743 2561 786 2642 τῇ
803 2563 864 2624 τοῦ
883 2555 969 2647 ζῴου
989 2552 1074 2643 ὁρμῇ
1094 2554 1178 2623 κατά
1196 2570 1266 2641 χε4

273 2651 464 2746 μετάπουῆ
478 2653 561 2725 κατά
574 2662 714 2745 καρδίας
728 2663 828 2747 ἔφερε
841 2655 902 2746 τὴν
915 2657 1056 2745 πληγήν,
1066 2658 1123 2724 καὶ
1137 2653 1234 2726 ούδέ-

273 2786 354 2830 ποτε
376 2757 503 2829 σκοπόν
521 2757 625 2829 ἀλλον
645 2766 742 2847 ἐσχεν
760 2757 841 2830 ούδέ
860 2757 914 2830 ἐπ’
938 2758 1018 2829 ἀλλο
1031 2762 1130 2850 μέρος
1148 2752 1235 2850 ἦλθε

272 2861 310 2932 τό
329 2860 489 2933 ἀκόντιον
507 2868 569 2932 τοῦ
588 2860 753 2950 στόματος,
776 2858 820 2944 ως
839 2862 883 2953 μη
906 2860 973 2953 άμα
986 2890 1022 2933 τε
1035 2869 1159 2954 τρῶσαι
1179 2867 1236 2935 καὶ

274 2973 449 3055 φονεῦσαι.
488 2964 529 3035 τά
549 2966 587 3035 δέ
607 2966 822 3055 πανταχόθεν
847 2974 912 3061 ζῷα
937 2965 1111 3058 ἠθροίζετο
1133 2965 1234 3063 αὐτῷ.

234 3100 259 3143 τε
274 3070 348 3140 τότε
362 3076 449 3157 γοῦν
463 3075 597 3158 είδομεν
611 3067 672 3140 ὅσα
686 3074 724 3140 ἐν
738 3089 883 3161 γραφαῖς
897 3072 1143 3161 ἐθαυμάζομεν·
1169 3070 1235 3143 ἀπό
1250 3095 1266 3149 5

274 3202 311 3243 τε
329 3171 394 3261 γάρ
410 3172 528 3242 Ἰνδόν
546 3175 603 3243 καὶ
617 3173 814 3260 Αἰθιόπων,
837 3186 872 3245 εί
885 3203 917 3245 τι
938 3175 1102 3266 πρότερον
1122 3174 1231 3264 ἀγνω-

274 3269 436 3365 στονῆν,
457 3285 663 3403 μεσημβρίας
684 3281 799 3347 τεκαὶ
824 3285 882 3367 τῆς
907 3276 1058 3405 ἀρκτῴας
1083 3284 1143 3367 γῆς
1169 3285 1235 3374 ζῷα

274 3381 384 3450 πάντα
399 3380 557 3469 φονεύων
575 3376 744 3469 Ρωμαίοις
757 3385 873 3464 ἔδειξε
900 3379 984 3451 τοδ
1009 3380 1165 3507 εὔστοχον
1178 3411 1236 3472 της

274 3481 385 3574 χειρός
404 3481 510 3584 αύτοῦ
530 3482 652 3564 πάντες
672 3485 916 3575 ἐξεπλήττοντο
952 3485 1067 3576 λαβων
1080 3477 1143 3555 οὖν
1157 3485 1236 3555 ποτὲ

235 3622 259 3663 ω
277 3576 403 3678 βέλη
375 3615 425 3656 ων
438 3616 459 3656 α
461 3579 630 3674 ίάκμαί
609 3608 695 3676 ησαυ
707 3595 906 3678 μηνοειδεῖς,
916 3606 987 3669 ταῖς
999 3596 1236 3679 Μαυρουσίοις

275 3702 495 3782 στρουθοῖςο
478 3688 618 3775 ὀξύτατα
641 3696 841 3782 φερομέναις
860 3694 916 3761 καί
937 3699 1052 3787 ποδων
1070 3691 1162 3777 τάχει
1180 3691 1237 3759 καὶ

275 3795 442 3865 κολπύσει
468 3801 602 3885 πτερῶν
621 3794 837 3887 ἐπαφιεὶς
801 3825 842 3869 τα
865 3800 949 3891 βέλη
965 3793 1034 3869 κατ’
1064 3791 1176 3883 ἀκρον
1192 3819 1259 3859 του
