3134 4367
569 431 844 498 νεοιεσουιον,
868 434 926 485 KB.
1188 436 1229 499 37

259 613 366 697 λέμου
380 604 463 695 πρός
472 604 513 676 τά
525 606 803 695 καταπονούμενοι
816 610 900 696 με’ριγ
913 611 971 695 τῆς
984 607 1167 697 δυνάμεως,
1182 607 1224 678 ἵν’

260 715 295 795 ἐξ
310 713 444 798 ἑτοίμου
456 707 534 788 τούς
544 710 826 799 ἐπικουρήσοντας
838 710 961 798 ἐπάγῃ·
977 712 1035 783 καὶ,
1047 708 1155 791 άλλως
1164 710 1226 782 ούκ

259 812 376 902 ὀλίγον
392 810 528 900 ὤνησαν
544 808 1225 902 άκμῆτεςἐπελθόντεςῆδηκεκοπιακόσιυ·

257 915 339 995 τούς
358 942 394 984 τε
415 912 479 1004 γάρ
499 914 828 1003 τεταλαιπωρηκότας
845 911 910 1005 ἤδη
934 919 1003 984 τῶν
1023 922 1133 1001 φίλων
1146 913 1224 988 άνέ·

258 1025 367 1105 λαβον
382 1019 438 1087 καὶ
449 1032 519 1096 τοϊς
525 1023 694 1105 πολεμίοις
701 1019 932 1106 ἐκλελυμένοις
939 1013 1138 1105 άκμάζουτες
1148 1021 1223 1088 ἐπί-

257 1132 373 1192 θοντο.
394 1127 423 1187 2.
439 1125 587 1206 γίγνοιτο
602 1115 634 1187 δ’
652 1116 695 1187 άν
707 1146 740 1187 τι
758 1120 814 1189 καὶ
828 1118 949 1188 τούτου
964 1118 1224 1209 χρησιμώτερον,
1255 1172 1256 1175 ¹

258 1226 298 1295 ἐκ
311 1226 369 1309 τῆς
382 1220 596 1308 παρατάξεως
608 1217 769 1309 άπωτέρω
777 1227 935 1309 σταδίοις,
948 1219 1081 1301 ὁπόσοις
1088 1217 1131 1292 άν
1139 1220 1222 1293 άπο-
1338 1282 1342 1287 .

257 1330 344 1413 χρῆν
357 1321 449 1414 αὐτῷ
465 1327 564 1412 δοκῇ,
585 1325 751 1411 ἐκπέμψαι
770 1325 869 1412 μέρος
888 1352 920 1393 τι
935 1328 992 1412 τῆς
1004 1319 1110 1394 αὑτοῦ
1123 1345 1223 1413 στρα-

256 1431 330 1506 τιάς
343 1424 552 1514 ἀπροόρατον
570 1439 638 1504 τοῖς
652 1432 838 1512 πολεμίοις,
859 1434 1082 1515 παραγγείλαί
1100 1434 1130 1489 τέ
1145 1451 1222 1516 σφι-

257 1548 333 1616 σιν,
357 1526 496 1597 ἐπειδάν
509 1525 663 1615 συμβάλῃ
684 1542 754 1606 τοῖς
776 1530 956 1614 ἐναντίοις,
979 1528 1053 1597 τότε
1073 1533 1223 1619 πυθομέ·

256 1657 341 1711 νους
354 1627 445 1718 παρά
464 1635 532 1698 τῶν
553 1632 690 1697 σκοπιόυ
709 1625 917 1710 ἀναστάντας
938 1629 1139 1719 ἐπάγεσθαι·
1166 1634 1223 1701 καὶ

256 1731 400 1823 μάλιστα
415 1738 512 1802 τοῦτο
527 1733 693 1819 ποιητέου,
709 1728 791 1800 όταν
804 1730 1025 1821 προσδόκιμος
1038 1725 1122 1801 ούσα
1136 1756 1221 1823 συμ-

256 1844 360 1927 μαχία
379 1840 440 1904 τού
459 1837 580 1923 καιροῦ
592 1838 803 1925 καθυστερῇ·
824 1834 979 1918 δόξαντες
998 1833 1061 1924 γάρ
1079 1842 1114 1905 οί
1124 1839 1265 1915 πολέ-ςι)

256 1966 328 2029 μιοι
362 1936 501 2017 τούτους
527 1941 677 2016 ἐκείνους
703 1937 790 2006 εἶναι
816 1939 873 2007 καὶ
898 1937 1090 2026 συμμάχους
1115 1939 1224 2009 ποθὲν

256 2040 354 2130 ἥκειν
367 2056 436 2120 τοῖς
444 2042 625 2125 ἐναντίοις,
638 2050 718 2119 ἴσως
731 2035 774 2108 άν
788 2046 835 2109 ἔτι
849 2042 906 2109 καὶ
920 2037 1129 2130 προσιόντων
1142 2044 1224 2130 πρὶν

255 2140 452 2233 ἦσυμμῑξαι
477 2140 555 2222 τούς
575 2142 815 2229 ἐπιβάλλοντας
835 2148 883 2223 είς
896 2142 1010 2232 φυγὴν
1030 2139 1222 2233 όρμήσαιεν,

256 2243 299 2315 ού
312 2250 492 2332 τοσούτου,
507 2242 588 2312 ὅσον
601 2247 709 2331 ἐστίν,
723 2243 808 2314 άλλόι
821 2254 938 2314 πλείου
951 2248 1080 2315 ἐπιέναι
1094 2252 1223 2334 πλῆθος

255 2356 456 2437 νομίζοντες.
479 2356 509 2419 3.
524 2344 632 2425 άλλως
645 2373 681 2414 τε
695 2349 751 2415 καὶ
766 2349 804 2415 ἐν
817 2343 930 2425 αὐτοῖς
939 2363 1008 2426 τοῖς
1017 2352 1142 2426 δεινοῖς
1149 2350 1220 2417 ἐπι-

255 2451 394 2539 φάνειαι
420 2457 590 2538 πολεμίων
609 2445 829 2537 άπροοράτων
847 2446 1064 2537 ἐκπλήττουσι
1082 2447 1141 2529 τάς
1155 2464 1221 2532 φυ-

254 2554 330 2641 χάς·
359 2551 657 2640 προλαμβάνουσαι
681 2549 746 2640 γάρ
768 2578 800 2619 τι
819 2565 951 2640 χεῖρον,
974 2542 1017 2619 ού
1038 2559 1221 2639 πείσονται,

255 2654 490 2743 φοβερώτερον
499 2656 689 2741 ἐκδέχονται
699 2652 877 2741 τὸμέλλον.
890 2663 920 2723 4.
930 2653 1221 2742 ἐκπληκτικωτάτη
1338 2690 1342 2695 ·

256 2755 302 2844 δ’,
317 2755 339 2846 ἢ
352 2760 408 2827 καὶ
421 2755 669 2845 δραστικωτάτιγ
682 2754 822 2844 μάλιστα
837 2752 1221 2845 πάντωυ,ἡκατάυω’του

254 2865 324 2929 τάν
335 2866 505 2947 πολεμίων
518 2863 687 2947 αίφνίδιος
701 2857 857 2947 ἐπιβολή,
879 2868 914 2928 εί
928 2886 975 2948 πῃ
998 2856 1144 2930 δυνατόν
1165 2862 1220 2948 γέ-

255 2990 348 3032 νοιτο
368 2964 640 3051 προεκπίμψαντι
658 2965 871 3051 στρατιωτῶν
893 2961 1067 3051 σύνταγμα
1088 2962 1221 3052 νύκτωρ

254 3070 488 3155 ἐκπεριελθεῖν
508 3069 665 3134 κελεύσαι
684 3061 762 3144 τοὺς
783 3072 980 3153 πολεμίους,
1001 3070 1058 3133 ἵνα
1079 3061 1221 3135 κατόπιν

253 3165 369 3240 αὐτῶν
388 3171 551 3255 γίνωνται
571 3167 709 3253 πάντες,
733 3164 818 3235 όόστε
840 3170 950 3236 ἕωθεν
963 3159 1170 3247 άναστάντας
1183 3168 1222 3237 ἐκ

252 3275 311 3360 τῆς
326 3272 463 3359 ἐνέδρας
471 3267 554 3358 μετά
567 3268 603 3339 τό
618 3271 781 3357 συμμίξαι
791 3266 873 3357 πρὸς
887 3267 996 3357 μάχην
1008 3266 1049 3336 τά
1061 3267 1220 3360 στρατεύ-

253 3402 341 3463 ματα
355 3372 439 3443 κατά
449 3371 510 3461 τὴν
523 3368 688 3460 οὐραγίαν
697 3373 938 3458 ἐπιφαίνεσθαι
952 3386 1021 3450 τοῖς
1034 3378 1263 3461 πολεμίοιςςς

253 3473 335 3545 ούδέ
347 3475 411 3565 γάρ
432 3473 619 3563 φεύγουσιν
633 3468 676 3542 άν
691 3479 739 3542 ἐτι
756 3477 875 3560 σφίσιν
895 3472 988 3553 ἐλπὶς
1007 3470 1220 3544 άπολείποιτο

255 3585 438 3667 σωτηρίας,
461 3574 539 3645 οὐδ’
555 3581 603 3655 είς
622 3570 771 3644 τούπίσω
795 3576 994 3664 δυναμένοις
1015 3578 1220 3663 ἐπιστραφίι-

250 3708 307 3747 ναι
337 3678 395 3746 διά
420 3677 499 3758 τούς
523 3680 559 3762 ἐξ
585 3680 746 3761 ἐναντίας
774 3678 1015 3771 μαχομένους,
1040 3672 1112 3743 ουδ’
1146 3678 1202 3746 εὶς
1214 3668 1258 3733 ’θῦ

230 3777 352 3863 πρόσω
366 3781 538 3872 φέρεσθαι
554 3782 616 3857 διά
629 3783 716 3869 τούς
738 3783 896 3858 κατόπιν
916 3776 1186 3867 ἐπικειμὲνουὲ-

667 3940 848 3953 m
