3134 4367
611 411 762 470 TPITON
1116 407 1155 470 85

246 587 351 671 ηρίων
375 586 487 669 ζῆλον·
508 585 664 661 αἰωνίους
682 580 720 649 δὲ
740 576 842 660 αὐτάς
863 580 1003 651 ἐκάλουν
1022 587 1057 651 οί
1070 582 1153 668 τότε,

246 684 385 763 ουόντες
399 688 502 773 τριῶν
510 688 637 771 γενεῶν
650 689 906 771 διαδραμουσῶν
920 687 1151 755 ἐπιτελεῖσθαι.

246 815 347 875 ρυκες
371 793 456 874 νοῶν
477 785 559 856 κατά
576 813 612 855 τε
628 782 689 874 τὴν
709 782 836 875 Ῥώμην
856 787 912 856 καὶ
933 786 994 875 τὴν
1014 784 1153 857 Ἰταλίαν

246 896 385 979 φοίτων
400 897 579 970 καλοῦντες
594 885 689 977 ἥκειν
705 893 761 959 καὶ
778 888 969 959 θεάσασθαι
988 890 1111 972 πάντας
1130 888 1153 959 δι’

246 1020 281 1063 τε
297 992 390 1062 εἶδον
404 989 485 1080 μήτε
503 988 651 1073 ὄψονται.
679 988 785 1073 οὕτως
799 989 816 1062 ό
831 992 952 1080 μεταξδ
966 993 1083 1082 χρόνος
1096 1000 1152 1080 τῆς

246 1095 437 1185 ρελθοόσης
452 1098 566 1183 ἑορτῆς
578 1096 634 1164 καί
647 1095 896 1184 τῆςμελλοόσης
909 1100 1077 1185 ἐδηλοῦτο,
1088 1102 1153 1165 πά-

246 1196 412 1289 νὴλικίαν
428 1195 620 1285 άνθρῶπων
635 1193 859 1288 ὑπερβαίνων.

300 1302 528 1394 διατρίψαςβδ
544 1299 680 1381 ίκανοάς
691 1301 833 1389 χρόνους
847 1304 884 1370 ἐν
897 1309 936 1393 τῇ
945 1296 1059 1392 Ῥῶμη,
1075 1301 1181 1381 τοάς9

246 1409 334 1486 υίεις
347 1400 452 1473 αὑτοῦ
464 1397 650 1485 κοινωνοὺς
662 1410 719 1491 τῆς
733 1411 902 1493 βασιλείας
918 1406 974 1474 καὶ
987 1403 1153 1490 αὐτοκρά-

246 1535 296 1588 ιας
319 1504 515 1594 ἀποδείξας,
540 1506 745 1596 βουλόμενος
771 1507 872 1590 δόξαν
893 1504 1039 1597 άρασθαι
1058 1516 1153 1594 νίκης

254 1610 361 1699 μόνον
375 1614 543 1698 ἐμφυλίου
557 1637 593 1679 τε
606 1609 758 1678 καὶκατὰ
772 1606 960 1697 Ῥωμαϊκῶν
973 1615 1152 1700 στρατοπέ-

246 1741 284 1801 ν,
299 1710 356 1801 ἐφ’
373 1704 464 1803 ᾗκαί
478 1719 704 1801 θριαμβεῦσαι
723 1709 868 1803 ᾐδέσθη,
892 1708 975 1781 άλλά
994 1715 1051 1782 καὶ
1069 1713 1152 1782 κατά

246 1816 377 1907 ρβάρων
391 1820 514 1904 ἐγεῖραι
528 1815 679 1904 τρόπαια,
694 1816 865 1906 πρόφασιν
877 1815 1075 1904 ποιούμενος
1089 1816 1151 1902 την

246 1926 388 2008 ρσημίου
402 1926 462 1987 τοῦ
478 1916 647 2007 Ἀτρηνῶν
660 1921 821 2008 βασιλέως
839 1917 923 2008 πρὸς
941 1926 1072 2007 Νίγρον
1092 1947 1150 2006 φι-

246 2050 272 2091 εν
290 2021 510 2109 ἐστράτευσεν
523 2024 578 2091 ἐπὶ
592 2020 654 2109 τὴν
673 2018 848 2108 άνατολην.
899 2021 1030 2112 παριῶν
1043 2023 1080 2092 δὲ
1094 2029 1179 2093 καλε

246 2154 253 2183 ν
264 2121 443 2215 Ἀρμενίαν
452 2130 674 2213 καταδραμεῖν
683 2122 836 2213 ἠθέλησε·
850 2124 983 2212 φθάσας
992 2121 1152 2194 δδότῶν··
1165 2132 1200 2169 ¹⁹⁹

246 2235 374 2318 μευίων
388 2226 544 2316 βασιλεὺς
556 2227 705 2315 χρήματά
717 2255 752 2296 τε
765 2224 857 2319 αὐτῷ
876 2229 933 2296 καὶ
953 2233 1045 2315 δῶρα
1065 2224 1148 2315 ὁμή-

246 2359 273 2413 ις
285 2358 323 2401 τε
343 2329 503 2400 ίκετεόων
524 2337 665 2419 ἔπεμψε,
684 2330 831 2410 σπονδάς
849 2332 905 2399 καὶ
920 2326 1056 2400 εάνοιαυ
1069 2327 1148 2400 άπι-

246 2434 406 2523 ιοόμενος,
434 2428 452 2502 ὁ
474 2434 511 2502 δὲ
531 2441 680 2522 Σευῆρος
701 2440 769 2503 τῶν
788 2437 825 2503 ἐν
842 2430 999 2525 Ἀρμενίᾳ
1018 2460 1149 2521 προχω-

246 2536 347 2606 άντων
367 2534 450 2605 κατά
473 2536 609 2625 γνῶμην
632 2539 685 2605 ἐπὶ
705 2535 767 2624 τὴν
788 2532 956 2625 Ἀτρηνῶν
982 2533 1146 2623 ἠπείγετο.

246 2642 387 2728 ισίφυγε
407 2640 445 2708 δὲ
464 2636 555 2731 αὐτῷ
576 2640 631 2708 καί
652 2634 877 2725 δ’θσροηνῶν
897 2636 1053 2724 βασιλεὺς
1073 2633 1146 2705 Λό-

246 2769 310 2831 ιος,
332 2742 409 2822 τοάς
430 2769 466 2810 τε
486 2746 607 2821 παῖδας
628 2736 809 2829 ὁμηρεύειν
834 2743 867 2821 ἐς
886 2737 1071 2827 άσφάλειαν
1090 2747 1145 2808 πί-

246 2869 292 2928 αις
324 2848 481 2931 ἐξέδωκε,
514 2843 647 2927 τοξότας
681 2870 717 2913 τε
750 2849 926 2925 πλείστους
955 2838 1146 2931 συμμάχους

246 2975 324 3038 ηεν.

292 3047 310 3120 δ
332 3050 369 3119 δὲ
388 3056 538 3137 Σευῆρος
559 3047 677 3137 διαβάς
695 3045 757 3137 τὴν
777 3053 846 3117 τῶν
865 3054 1020 3136 ποταμῶν
1042 3051 1177 3135 με’σην3

246 3179 302 3223 ’τε
315 3155 373 3222 καί
396 3149 604 3241 Ἀδιαβηνῶν
617 3151 746 3241 χῶραν,
763 3153 927 3239 ἐπέδραμε
940 3152 996 3220 καί
1009 3149 1070 3239 τὴν
1086 3148 1143 3220 εό-

246 3263 333 3345 μονα
343 3252 519 3346 Ἀραβίαν·
535 3257 630 3346 φέρει
643 3252 706 3344 γάρ
720 3254 802 3334 πόας
817 3248 1041 3354 εόῶδεις,αἷς
1053 3250 1143 3342 άρῶ-

246 3380 266 3428 ιι
280 3360 338 3428 καὶ
352 3358 538 3447 θυμιάμασι
550 3358 717 3446 χρῶμεθα.
754 3354 878 3437 πολλάς
899 3356 937 3427 δὲ
957 3356 1067 3445 κῶμας
1087 3359 1144 3425 καὶ

246 3490 302 3544 ,εις
314 3462 488 3550 πορθήσας
504 3456 566 3549 τήν
578 3487 614 3529 τε
627 3458 739 3549 χῶραν
755 3458 965 3546 λεηλατήσας,
984 3458 1095 3529 ἐλθῶν
1110 3463 1143 3539 ἐς

246 3561 442 3653 ·Ἀτρηνῶν
468 3562 597 3651 χῶραν,
619 3561 925 3650 προσκαθεζόμενος
948 3559 1005 3642 τάς
1022 3559 1143 3647 ’Ἀτρας

246 3666 386 3757 λιόρκει.
408 3658 451 3755 ἦν
465 3666 503 3736 δὲ
518 3665 612 3746 πόλις
624 3661 677 3733 ἐπ’
696 3660 1019 3753 άκραςόψηλοτάτης
1032 3660 1141 3748 όρους,
1156 3685 1173 3737 ς

246 3798 286 3860 ςει
299 3776 444 3865 μεμίστφ
458 3771 514 3839 καὶ
527 3774 671 3861 μενναίφ
684 3769 961 3860 περιβεβλημένη,
972 3764 1093 3848 πλάθει
1105 3788 1142 3829 τε
