3134 4367
316 421 375 481 104
682 422 899 481 TETAPTON

311 623 371 674 ους
384 600 521 682 φίλους,
537 600 593 681 τῆς
609 620 644 662 τε
657 590 779 681 μητρὸς
799 592 987 680 παρούσης,
1003 589 1119 679 ἠξίουν
1140 596 1267 677 διαιρε-

310 705 415 785 θῆναι
428 695 490 784 τῆν
503 704 686 786 βασιλείαν,
700 697 757 765 καὶ
772 694 812 764 τά
828 695 890 783 μέν
899 692 959 764 ὑπ’
974 692 1146 785 Εὐρώπην
1159 692 1267 763 πάντα

312 806 400 886 ἔχειν
418 797 478 869 τὸν
499 798 716 886 Ἀντωνῖνον,
734 797 797 886 τῆν
818 799 855 867 δὲ
874 795 1106 887 ἀντικειμένην
1125 795 1266 884 ἤπειρον

281 918 299 971 6
311 901 424 972 Ἀσίαν
436 930 471 972 τε
484 905 695 991 καλουμένην
708 908 819 971 πᾶσαν
831 903 917 992 Γέτᾳ
930 907 1182 988 παραδοθῆναι·
1205 896 1266 968 ού-

310 1034 356 1074 τω
381 1005 444 1093 γάρ
468 1013 583 1094 ἔλεγον
601 1009 658 1075 καὶ
679 1013 759 1096 θεία
779 1006 846 1074 τινί
867 1013 1009 1097 προνοίηι
1030 1003 1087 1085 τάς
1106 1000 1293 1093 ῆπείρουςε

309 1115 491 1199 διῃρῆσθαι
506 1115 551 1201 τῷ
568 1114 800 1198 Προποντίδος
820 1108 968 1197 ῥεύματι.
1007 1104 1126 1195 ῆρεσκε
1148 1107 1187 1176 δὲ
1207 1104 1265 1175 τόν

309 1212 371 1299 μὲν
387 1208 587 1281 Ἀντωνῑνον
602 1214 656 1281 ἐπὶ
674 1218 720 1305 τῷ
737 1218 908 1303 Βυζαντίῳ
929 1216 1063 1298 ίδρύσαι
1083 1208 1265 1299 στρατόπε-

309 1321 384 1401 δον,
407 1313 466 1383 τόν
485 1316 523 1385 δὲ
540 1318 647 1384 Γέταν
669 1318 707 1384 ἐν
727 1314 919 1402 Καλχηδόνι
939 1320 997 1401 τῆς
1015 1320 1198 1399 Βιθυνίας,
1222 1308 1265 1393 ώς

308 1415 519 1504 ἀντικείμενα
532 1413 686 1506 ἀλληλοις
700 1415 741 1486 τά
754 1416 961 1505 στρατόπεδα
972 1424 1141 1504 φρουροίη
1154 1442 1191 1485 τε
1205 1412 1265 1502 τῆν

307 1522 466 1607 ἑκατέρου
482 1517 588 1609 ἀρχὴν
602 1523 659 1590 καὶ
678 1520 804 1591 κωλύοι
820 1518 877 1601 τάς
898 1518 1075 1608 διαβάσεις.
1104 1518 1216 1589 ἐδόκει
1229 1544 1263 1587 τε
1281 1545 1301 1585 ιι

307 1630 364 1711 τῆς
378 1622 568 1713 συγκλήτου
582 1630 707 1713 βουλῆς
720 1622 798 1704 τούς
817 1624 878 1711 μὲν
897 1619 1121 1711 Εύρωπαίους
1140 1617 1264 1700 πάντας

307 1723 502 1814 ὑπομείναι,
523 1725 602 1809 τούς
621 1728 660 1797 δὲ
681 1731 814 1797 ἐκεῖθεν
836 1723 994 1795 ἀνελθεῖν
1014 1722 1080 1794 σὺν
1099 1754 1145 1816 τῳ
1131 1726 1262 1814 Γέτα.

306 1933 409 2011 Γέτας
424 1928 573 2020 ἔλεγεν”
551 1961 571 2019 η
586 1931 647 2019 τῆν
665 1927 904 2020 Ἀντιόχειανη
921 1929 982 2019 τῆν
997 1928 1260 2018 Ἀλεξάνδρειαν,

306 2061 348 2101 ου
337 2031 448 2102 ’πολύ
461 2063 492 2103 τι
506 2042 563 2122 τῆς
579 2031 755 2123 Ῥώμης,
731 2063 775 2114 ως
790 2031 890 2128 ώετο,
908 2037 1045 2123 μεγέθει
1059 2030 1262 2103 ἀπολειπού-
1278 2067 1299 2108 ιε

305 2160 373 2217 σας.
401 2143 469 2206 τών
483 2138 521 2207 δὲ
534 2133 600 2207 ὑπὸ
614 2144 802 2230 μεσημβρία
816 2140 928 2207 ε’θνών
941 2143 1187 2225 Μαυρουσίους
1202 2134 1262 2225 μὲν

304 2242 360 2308 καὶ
378 2240 539 2328 Νομάδας
561 2240 691 2329 Λιβύης
710 2268 746 2309 τε
765 2240 806 2309 τὰ
824 2247 1051 2329 παρακείμενα
1072 2236 1262 2330 Ἀντωυίνηι

305 2341 611 2431 παραδοθῆναι,τά
630 2344 668 2414 δὲ
684 2346 837 2412 ἐπέκεινα
850 2345 963 2431 μέχρις
977 2340 1138 2429 ἀνατολῆς
1156 2363 1261 2432 προσ-

205 2454 208 2464 “
274 2444 401 2532 θῆκειν
419 2452 472 2538 τῷ·
484 2450 580 2538 Γέτα.
639 2453 743 2515 ταῦτα
764 2445 805 2534 δῆ
821 2443 934 2515 αύτών
954 2445 1211 2515 διατυπούντωυ
1230 2448 1264 2513 ολ

304 2549 366 2636 μὲν
380 2547 476 2618 ἀλλοι
490 2549 611 2631 πάντες
619 2559 835 2637 σκυθρωποῖς
845 2549 1033 2635 προσώποις
1043 2552 1076 2628 ές
1089 2555 1154 2635 γῆν
1163 2556 1261 2617 ἔνευ-
1274 2575 1299 2615 ιο

303 2674 382 2721 σαν’
403 2649 424 2742 ἡ
446 2652 484 2722 δὲ
506 2651 626 2723 Ἰουλία
640 2650 727 2742 “γῆν
740 2649 818 2741 μέυ”
841 2660 905 2741 ἔφη
921 2649 1000 2720 δ’καὶ
1020 2650 1212 2738 θάλασσαν,
1234 2641 1261 2719 ώ

303 2758 420 2842 τέκνα,
437 2752 607 2844 εὑρίσκετε
621 2754 711 2837 ὅπως
731 2764 910 2844 νείμησθε,
934 2757 990 2824 καὶ
1011 2753 1067 2834 τάς
1087 2749 1259 2844 ἠπείρους,

304 2852 348 2937 ώς
362 2885 463 2945 φατε,
478 2857 513 2928 τό
537 2860 684 2929 Πόντιον
698 2863 837 2948 ῥεῖθρον
856 2863 980 2947 διαιρεῖ
985 2879 992 2891 ·
1009 2855 1070 2945 τῆν
1084 2857 1122 2925 δέ
1135 2860 1260 2947 μητέρα
1283 2871 1285 2878 ’

301 2967 371 3040 πώς
384 2954 426 3028 ἀν
440 2962 626 3047 διέλοισθε,
640 2963 697 3030 καὶ
711 2957 815 3049 πώςῆ
836 2957 940 3029 ἀθλία
962 2958 1026 3049 ἐγώ
1049 2964 1081 3041 ἐς
1101 2960 1259 3049 ἑκάτερον

299 3057 399 3149 ύμών
412 3057 633 3151 νεμηθείηνῆ
652 3069 834 3151 τμηθείην;
854 3066 987 3151 πρῶτον
1004 3062 1045 3150 δῆ
1059 3062 1116 3150 ἐμὲ
1130 3062 1255 3151 φονεύ·
1271 3093 1296 3134 τε

299 3185 395 3251 σατε,
418 3167 474 3234 καί
498 3166 665 3245 διελόντες
679 3165 842 3289 ἑκάτερος
864 3162 944 3255 παρ’
972 3168 1078 3258 ἑαυτῷ
1100 3164 1138 3235 τδ
1161 3168 1259 3255 μέρος

298 3269 470 3337 θαπτέτω·
487 3263 575 3338 οὕτω
593 3266 657 3357 γάρ
672 3263 715 3337 ἀν
724 3296 807 3356 μετα
816 3297 876 3356 γης
885 3269 1116 3356 καιθαλαττης
1126 3266 1192 3349 ές’
1173 3274 1258 3357 υμᾶς

268 3366 523 3459 9μερισθείην.”
576 3377 680 3440 ταῦτα
701 3372 738 3441 δὲ
763 3375 907 3459 λέγουσα
927 3400 1008 3460 μετα
995 3369 1183 3459 δακρύων
1203 3372 1258 3440 και

298 3460 497 3562 οίμωγῆς,’
479 3477 679 3596 αμφοτέροις
694 3502 729 3545 τε
742 3474 800 3555 τάς
813 3490 925 3564 χειρας
938 3475 1187 3577 περιβάλλουσα
1200 3475 1256 3545 καὶ

297 3572 364 3646 ύπδ
379 3574 436 3658 τὰς
449 3573 629 3665 ἀγκάλας
608 3573 752 3666 ἀγουσα,
767 3578 927 3666 συνάγειν
942 3582 1105 3666 ἐπειρᾶτο.
1130 3578 1254 3658 πάντας
1268 3598 1293 3642 ει

296 3679 335 3749 δὲ
349 3690 463 3751 οίκτου
483 3679 726 3769 καταλαβόντος
740 3679 935 3771 διελύθη
903 3709 940 3751 το
960 3677 1200 3772 συνέδριον,
1178 3709 1199 3769 η
1219 3706 1253 3749 τε
