3134 4367
670 445 895 505 AEYTEPON
1222 443 1262 505 37

302 616 464 708 ἀταραξίᾳ
479 612 524 696 ως
543 614 622 705 μηδ’
645 612 832 706 ιἰναθορεῑν
850 624 1130 708 τοῦσκίμποδος,
1150 634 1262 708 μεῖναι

303 722 340 792 δὲ
354 724 410 790 ἐπὶ
423 726 485 789 τοῦ
498 719 677 809 σχήματος,
692 722 748 789 καλ
761 719 821 790 τόν
833 728 959 792 Λαϊτον
967 719 1034 811 ἅμα
1047 730 1092 815 τῳ
1102 722 1261 816 Ἐκλέκτῳ

303 822 518 909 εἰσελθόντα,
533 831 641 893 καίτοι
656 829 821 893 δοκοῦντα
836 827 890 894 ἐπὶ
910 826 1005 919 φόνῳ
1025 823 1134 915 ἥκειν,
1156 848 1260 918 προσ-

303 944 413 999 ειπεῖν
426 956 480 1014 τε,
501 930 558 996 καὶ
578 932 766 1017 θαρροῦντι
787 929 871 1016 μηδὲ
891 926 1091 1020 ὥχριύσαντι
1109 936 1155 1023 τῷ
1175 956 1258 1021 προ·
1275 949 1292 1005 7

274 1053 286 1093 ⁵
302 1031 405 1125 σύπῳ
421 1027 545 1101 “πιίλαι
560 1027 638 1119 μέν”
658 1030 763 1119 φοίναι
777 1027 855 1100 “nal
875 1033 982 1122 πόσης
1000 1030 1122 1115 νυκτός
1135 1032 1211 1103 τόδε
1224 1030 1262 1101 τὸ

299 1140 394 1216 τέλος
406 1141 468 1204 τοῦ
489 1142 568 1224 βίου
590 1132 681 1221 εἶχον
694 1132 740 1203 δι’
762 1137 913 1223 έλπίδος,
933 1136 1034 1225 μόνος
1052 1164 1089 1206 τε
1107 1142 1177 1206 τῦυ
1197 1162 1260 1205 πα·

299 1238 421 1334 τρρίωυ
434 1244 484 1307 ἔτι
497 1237 771 1327 περιλειπόμενος
784 1246 896 1326 φίλων
915 1239 1105 1330 ἐθαύμαζον
1119 1236 1171 1309 ἐπ’
1190 1239 1263 1327 ἐμοὶ

299 1344 484 1432 Κόμμοδου
496 1339 720 1432 βραδύνοντα.
752 1348 788 1411 τί
803 1340 844 1430 δη
859 1344 1009 1431 μέλλετε;
1028 1340 1124 1433 ὑμεῖς
1142 1370 1178 1412 τε
1198 1338 1263 1431 γὰρ
1282 1377 1295 1396 ·

301 1446 443 1537 δράσετε
464 1442 501 1514 τό
522 1447 801 1534 κεκελευσμένον,
822 1445 887 1533 έγύ
905 1475 941 1517 τε
961 1454 1108 1537 πονηρᾶς
1129 1450 1264 1524 ἐλπίδος

262 1571 285 1612 1⁰
301 1554 358 1620 καὶ
385 1548 496 1638 φόβου
523 1554 685 1636 συνεχοῦς
707 1544 963 1639 ύπαλλοίξομαι.”
1006 1549 1090 1638 πρὸς
1113 1556 1219 1620 ταῦτα
1243 1544 1262 1617 ὁ

299 1664 425 1733 Λαδτος
439 1648 503 1722 “ού
517 1649 645 1741 παύση”
661 1658 726 1740 ἔφη
736 1646 877 1735 “οἰνοίξια
890 1659 1016 1722 σαυτοῦ
1029 1657 1085 1723 καὶ
1095 1659 1163 1722 τῶν
1177 1680 1259 1740 προ·
1275 1675 1293 1728 8

300 1758 521 1846 βεβιωμένων
533 1777 586 1825 σοι
599 1756 724 1842 λέγων;
739 1752 780 1825 ού
794 1753 858 1845 γὰρ
872 1754 925 1826 ἐπ’
942 1754 1074 1849 ὀλέθρῳ
1084 1762 1131 1849 τῳ
1140 1762 1188 1849 σῳ
1201 1753 1263 1844 ἥδε

299 1857 398 1950 ἡμῶν
417 1855 438 1949 ἡ
458 1856 585 1947 ύφιξις,
607 1855 683 1928 ἀλλ’
706 1861 760 1927 ἐπὶ
774 1867 922 1952 σωτηρίᾳ
934 1866 975 1950 τῇ
987 1887 1024 1929 τε
1041 1855 1136 1950 ἡμῶν
1149 1856 1263 1928 αῦτων

299 1966 429 2053 καὶτῆς
445 1959 615 2051 Ῥωμαίων
635 1959 745 2052 ἀρχῆς.
773 1978 879 2032 κεῖται
893 1964 956 2052 μὲν
975 1961 1039 2052 γὰρ
1060 1959 1078 2032 ὃ
1096 1963 1262 2053 τύραννος

262 2091 283 2131 ο
299 2074 401 2155 δίκην
423 2063 503 2145 δούς
522 2064 586 2154 τὴν
605 2064 858 2157 προσήκουσαν,
878 2069 935 2136 καὶ
954 2064 1159 2159 ἅπεριαύτός
1176 2062 1262 2155 ἡμᾶς

298 2176 422 2261 δρᾶσαι
437 2176 616 2255 διενοεῖτο,
636 2174 741 2238 ταῦτα
759 2166 842 2257 πρὸς
858 2166 955 2259 ἡμῶν
974 2177 1113 2241 ἔπαθεν.
1164 2165 1290 2259 ἡμεῑς9

298 2274 337 2345 δέ
349 2272 478 2364 ἥκομέν
491 2294 543 2341 σοι
557 2270 619 2361 τὴν
632 2279 808 2361 βασιλείαν
822 2276 1094 2364 έγχειριοῦυτες,3
1103 2269 1144 2342 &v
1164 2284 1261 2362 ἴσμεν

297 2376 489 2469 προύχοντα
511 2379 549 2445 ἐν
566 2381 608 2465 τῇ
628 2375 804 2467 συγκλήτῳ
830 2383 938 2467 βουλῇ
957 2375 1162 2469 σωφροσύνῃ
1183 2385 1261 2466 βίου

298 2483 437 2571 μεγέθει
451 2507 487 2548 τε
500 2476 682 2568 ἀξιώματος
695 2482 751 2549 καὶ
771 2474 902 2569 ἡλικίας
916 2482 1109 2570 σεμνότητι,
1130 2479 1259 2550 ποθού-

260 2614 283 2654 ιο
298 2585 403 2675 μενόν
415 2610 452 2653 τε
466 2586 522 2652 καὶ
535 2582 725 2672 τιμώμενον
738 2578 805 2652 ύπδ
818 2589 879 2651 τοῦ
893 2584 1018 2671 δήμου·
1041 2581 1126 2652 ὅθεν
1145 2578 1259 2650 κάκεί-

296 2717 369 2769 νοις
384 2684 540 2756 εῦκταϊον
553 2688 609 2755 καὶ
622 2679 703 2774 ἡμῖν
716 2684 882 2774 σωτήριον
894 2683 931 2753 τδ
944 2684 1173 2775 πραττόμενον
1187 2690 1260 2753 ἔσε-

296 2803 381 2863 σθαι
408 2786 677 2879 προσδοκῶμεν.”
731 2784 815 2875 πρὸς
839 2793 944 2858 ταῦτα
971 2784 989 2858 ὃ
1014 2790 1181 2879 Περτίναξ
1198 2783 1261 2857 “οῦ
1276 2805 1311 2859 10

296 2890 488 2966 παύσεσθε”
506 2900 570 2982 ἔφη
585 2888 821 2981 “χλευόζοντες
834 2892 1040 2982 πρεσβύτην,
1062 2895 1119 2962 καὶ
1138 2891 1260 2962 τοσαύ-

296 3026 359 3088 την
373 3025 440 3086 μου
462 3002 594 3066 δειλίαν
612 2996 858 3085 κατεγνωκότες
877 2992 921 3076 ὡς
941 3002 1076 3085 πρῶτον
1095 2993 1262 3085 ἀπατῆσαι

259 3126 282 3166 κ
297 3100 485 3191 βούλεσθε,
509 3097 576 3170 εἶθ’
598 3097 687 3169 οῦτω
708 3105 873 3189 φονεῦσαι
882 3096 908 3181 ;”
926 3094 1034 3169 “dud
1051 3096 1134 3189 μήν”
1156 3106 1221 3188 ἔφη
1242 3095 1260 3169 ό

288 3203 484 3289 Ἕκλεκτος,
500 3200 596 3273 κἐπεὶ
610 3208 767 3300 λέγουσιν
779 3199 861 3292 ἡμῖν
880 3198 922 3272 ού
941 3210 1181 3289 πεπίστευκας,
1198 3212 1258 3273 λα-

296 3306 370 3398 βῦν
389 3310 483 3378 τουτὶ
503 3305 541 3377 τὸ
562 3324 788 3397 γραμματείου
807 3310 991 3395 (γνωρίζεις
1018 3306 1056 3376 δέ
1081 3304 1144 3395 την
1165 3315 1258 3394 Κομ-

295 3412 405 3501 μόδου
419 3427 524 3499 χεῖρα,
539 3408 640 3498 οῦσης
653 3431 706 3480 σοι
718 3416 777 3500 της
791 3406 1012 3497 ἀναγνώσεως
1026 3412 1064 3479 έν
1077 3414 1259 3500 συνηθείᾳ)

295 3513 493 3603 ἀνάγνωθι·
508 3511 596 3583 οῦτω
610 3511 674 3602 γὰρ
687 3514 802 3602 γνωση
816 3520 892 3582 τίνα
906 3540 942 3581 τε
955 3519 1119 3582 κίνδυνον
1133 3513 1256 3601 έφύγο-
1267 3526 1307 3578 .11

260 3646 376 3710 ευμεν,
397 3620 455 3688 καὶ
476 3615 527 3688 ὅτι
546 3614 591 3707 μὴ
613 3622 734 3705 σκῆψις
753 3613 829 3686 ἀλλ’
851 3614 996 3705 ἀλήθεια
1014 3615 1171 3704 πρόσεστι
1191 3628 1260 3692 τοῖς

296 3718 498 3811 λεχθείσιν.”
539 3718 697 3809 ἐπιγνούς
710 3719 752 3810 δὴ
772 3718 813 3789 τοὶ
827 3722 1038 3809 γεγραμμένα
1051 3715 1069 3787 ὁ
1084 3717 1258 3803 Περτίναξ,

296 3831 451 3906 πεισθείς
464 3853 500 3895 τε
513 3822 655 3915 ύνδριίσι
664 3822 898 3920 καὶπρότερον
909 3820 1017 3897 αὐτοῦ
1028 3828 1157 3914 φίλοις,
1163 3816 1283 3887 πόντοι
