3134 4367
348 439 406 502 168
714 440 925 501 ΕΒΔΟΜΟΝ

315 626 335 690 3
449 607 489 681 τά
500 611 563 699 μέν
579 599 643 680 ούν
656 608 818 699 πολεμικά
834 617 984 692 τοιοῦτος
997 600 1054 698 ἦν·
1075 609 1132 679 καί
1151 611 1184 690 ἐς
1198 607 1294 692 δόξαν

345 711 436 803 ἤρθη
450 709 492 783 δυ
505 711 526 803 ἡ
539 716 656 804 πρᾶξις
669 712 792 801 αὐτοῦ,
808 720 839 782 εἰ
855 713 900 802 μὴ
920 728 990 793 τοίς
1009 719 1145 793 οἰκείοις
1158 713 1216 781 καί
1230 727 1295 791 τοῖς

345 814 505 906 ὑπηκόοις
528 816 711 906 βαρύτερος
736 816 884 905 ἐγεγόνει
910 818 968 886 καί
994 815 1235 905 φοβερώτερος.
1266 820 1297 883 τί

344 919 408 1010 γάρ
428 911 473 1008 ἦν
493 918 614 1009 όφελος
635 916 1109 1009 βαρβάρωνοίναιρουμένων,
1131 918 1296 988 πλειόνων

343 1025 529 1113 γινομένων
544 1022 661 1112 φόνων
674 1026 711 1092 έν
724 1019 810 1113 αὐτῇ
822 1051 858 1092 τε
872 1020 976 1113 Ῥύμη
990 1026 1046 1092 καὶ
1055 1036 1123 1102 τοῖς
1138 1017 1297 1111 ὑπηκόοις
1310 1042 1321 1083 ⁶

344 1134 498 1201 έθνεσιν;
513 1121 534 1215 ἦ
547 1132 637 1206 λείας
651 1125 900 1213 [αἰχμαλώτους]
915 1123 1057 1215 άπάγειν
1072 1132 1140 1195 τῶν
1154 1128 1296 1213 ἐχθρῶν,

343 1235 536 1317 γυμνοῦντα
550 1231 605 1297 καί
615 1227 672 1309 τάς
682 1225 798 1309 ούσίας
808 1226 1058 1318 ἀφαιρούμενον
1065 1235 1134 1297 τῶν
1145 1234 1296 1310 οἰκείωνς

313 1348 331 1400 1
345 1329 456 1413 ἅνεσίς
469 1359 505 1401 τε
521 1330 586 1423 γὰρ
608 1339 712 1420 πᾶσα,
727 1338 854 1419 μᾶλλον
867 1331 905 1401 δέ
918 1334 975 1402 καί
987 1331 1168 1422 πρόκλησις
1182 1333 1296 1402 δέδοτο

343 1431 568 1523 συκοφάνταις
589 1437 622 1517 ἐς
640 1433 677 1504 τὸ
705 1435 898 1524 ἐπηρεάζειν
918 1438 974 1505 καί
995 1450 1102 1504 κινεῖν
1122 1432 1297 1523 πράγματα

342 1538 542 1627 προγονικά,
558 1544 589 1608 εἰ
608 1538 719 1627 τύχοι,
744 1540 801 1608 καί
820 1536 972 1627 άγνωστα
993 1540 1049 1607 καί
1071 1534 1295 1626 ἀνεξέλεγκτα.
1311 1563 1330 1604 ιο

210 1703 218 1724 ,
342 1641 447 1730 μόνον
459 1644 496 1712 τέ
511 1670 559 1723 τις
571 1644 709 1731 κληθείς
723 1644 756 1722 ἐς
769 1639 983 1731 δικαστήριον
1003 1638 1068 1710 ὑπὸ
1083 1640 1296 1730 συκοφάντου

345 1742 473 1826 εύθίως
494 1742 672 1834 ἡττημένος
692 1743 791 1834 άπῄει
812 1747 869 1814 καί
888 1752 956 1814 τῶν
974 1741 1194 1834 ὑπαρχόντων
1214 1742 1297 1814 πάν·

313 1862 331 1915 3
344 1877 412 1918 των
426 1856 610 1936 στερηθείς.
662 1849 800 1936 ἑκάστης
813 1856 899 1936 γοῦν
916 1845 1038 1937 ἡμέρας
1052 1838 1096 1936 ἦν
1115 1853 1204 1917 ἰδεῖν
1223 1845 1298 1927 τοῦς

342 1952 439 2037 ἐχθὲς
471 1950 739 2031 πλουσιωτάτους
770 1958 828 2049 τῆς
858 1952 1015 2039 ἐπιούσης
1045 1957 1295 2040 μεταιτοῦντας·

341 2052 485 2141 τοσαύτη
506 2080 555 2134 τις
575 2044 619 2141 ἦν
639 2059 697 2141 της
718 2058 917 2142 τυραννίδος
937 2050 958 2141 ἡ
979 2061 1223 2144 φιλοχρηματία
1244 2053 1327 2123 ἐπίο

342 2155 507 2245 προφάσει
520 2163 577 2243 τῆς
590 2158 668 2243 περί
684 2154 765 2236 τοῦς
783 2156 984 2248 στρατιώτας
1000 2157 1179 2246 χρημάτων
1198 2178 1297 2227 συνε-

287 2306 289 2310 -
341 2264 421 2345 χοῦς
434 2266 598 2347 χορηγίας.
625 2250 720 2347 ἦνδέ
735 2262 872 2341 καὶτοῖς
894 2258 955 2330 ύσί
976 2268 1105 2349 κοῦφος
1125 2265 1159 2342 ἐς
1179 2266 1295 2349 διαβο-

343 2362 418 2448 λάς,
434 2359 563 2449 ἡλικίας
576 2389 611 2432 τε
624 2363 681 2431 καὶ
700 2359 881 2451 άξιύματος
901 2361 1047 2452 ἀφειδῶς
1068 2371 1161 2452 έχων.
1203 2369 1296 2434 πλεί-

308 2489 313 2502 ‘
342 2488 440 2547 στους
453 2472 539 2553 γοῦν
552 2472 620 2535 τῶν
634 2472 718 2554 ἐθυη
728 2469 784 2536 καί
794 2467 1000 2554 στρατόπεδα
1014 2469 1294 2556 πεπιστευμένων,

341 2567 423 2658 μετὰ
437 2565 594 2650 ὑπατείας
607 2567 706 2658 τιμὴν
724 2565 746 2658 ἦ
767 2570 868 2654 δόξαν
888 2573 942 2640 ἐπὶ
963 2577 1133 2658 τροπαίοις
1152 2590 1295 2659 προσγε-
1310 2590 1331 2631 ν

341 2674 503 2761 νομέυην,
518 2677 554 2743 ἐκ
574 2680 694 2762 μικράς
712 2676 769 2743 καὶ
790 2672 947 2755 εὐτελοῦς
967 2679 1123 2762 διαβολῆς
1143 2670 1296 2763 ιἰναρπά-

310 2796 440 2855 4στους
453 2780 574 2864 ἐποίει,
589 2780 646 2845 καὶ
663 2779 799 2846 ἐκέλευέ
816 2805 852 2846 τε
869 2773 952 2846 ἄνευ
972 2774 1155 2867 ὑπηρεσίας
1173 2778 1298 2866 μόνους

342 2874 503 2966 ὀχήμασιν
516 2881 728 2960 ἐπιτεθέντας
742 2877 885 2967 ἄγεσθαι
898 2879 1032 2968 νύκτωρ
1050 2881 1107 2949 καί
1120 2878 1200 2968 μεθ’
1216 2877 1298 2969 ἡμέ-

342 3009 406 3072 ραν
420 2977 598 3062 ὁδεύοντας
612 2985 644 3063 έξ
658 2978 831 3050 ἀνατολῶν
850 2976 872 3069 ἦ
892 2982 1035 3070 δύσεως,
1053 2988 1084 3051 εἰ
1100 2983 1211 3072 τύχοι,
1233 2981 1298 3053 ιἰπό

341 3111 377 3153 τε
390 3091 594 3173 μεσημβρίας
611 3087 644 3163 ἐς
656 3089 822 3171 Παίονας,
837 3090 923 3153 ἔνθα
937 3088 1098 3175 διέτριβε·
1119 3086 1245 3170 σκύλας
1259 3088 1330 3162 δέν

341 3188 398 3256 καί
411 3184 552 3275 ύβρίσιις
565 3202 689 3274 φυγαῖς
704 3181 724 3274 ἢ
737 3186 896 3268 θανάτοις
909 3191 1053 3277 ἐζημίου.

442 3292 476 3369 ές
489 3285 570 3358 ὅσον
583 3289 645 3377 μέν
659 3278 723 3358 οῦν
735 3288 813 3371 τούς
832 3287 912 3360 καθ’
930 3295 989 3361 ἕνα
1002 3297 1106 3361 ταῦτα
1119 3292 1296 3382 ἐπράττετο

339 3392 396 3461 καί
405 3392 518 3479 μέχρις
530 3397 665 3461 οἰκείων
677 3398 795 3479 ἔμενεν
809 3389 830 3481 ἡ
843 3391 1062 3484 συμφορά,ού
1077 3394 1169 3465 πάνυ
1181 3424 1214 3465 τι
1228 3412 1297 3478 τοῖς

308 3519 325 3573 5
342 3493 459 3583 δήμοις
468 3501 535 3563 τῶν
548 3495 679 3565 πόλεων
691 3491 713 3584 ἢ
725 3511 794 3577 τοίς
807 3504 922 3567 ἐθνεσι
935 3498 1087 3587 διέφερε·
1102 3497 1143 3566 τὰ
1156 3497 1296 3589 γάρτῶν

332 3594 552 3687 εύδαιμονεῖν
569 3595 798 3689 δοκούντωνῆ
817 3609 990 3671 πλουσίων
1009 3608 1195 3688 πταίσματα
1213 3599 1296 3693 πρὸς
1309 3626 1332 3670 ω

314 3708 392 3773 τῶν
403 3699 521 3794 όχλων
544 3701 587 3780 ού
607 3705 721 3800 μόνον
739 3702 934 3799 ἀμελεῖται,
953 3700 1039 3772 ἄλλά
1053 3729 1149 3778 τινας
1164 3711 1233 3769 τῶν
1244 3729 1306 3768 πο-

292 3806 455 3897 κούθων
466 3816 533 3889 καὶ
555 3816 717 3911 φαύλων
739 3809 819 3890 ἐσθ’
846 3808 910 3885 ὅτε
927 3808 991 3880 καὶ
1009 3800 1192 3889 εῦφροὶνει
1209 3797 1333 3884 ηοὸοη
