3134 4367
330 417 389 482 182
699 419 919 480 ΕΒΔΟΜΟΝ

280 621 313 674 11
330 595 447 679 πυγῆς.
500 588 605 660 ἐπιών
617 617 653 659 τε
673 587 731 671 τάς
745 587 863 671 λοιπάς
877 589 989 671 πόλεις
1009 586 1085 659 ὅσαι
1103 588 1162 672 τάς
1175 593 1287 675 Μάξι-

329 701 432 784 μίνον
452 690 546 781 τιμάς
566 692 822 784 καθῃρήκεσαν,
836 689 915 774 τοδς
934 693 996 782 μὲν
1016 695 1187 782 ἐξέχοντας
1207 693 1286 785 ἐφό-

328 824 424 885 νευε,
445 792 524 876 τοὺς
544 797 582 867 δὲ
602 796 746 886 δημότας
772 796 1002 886 ἐφυγάδευεν,
1023 794 1150 885 άγροός
1173 825 1210 867 τε
1233 800 1287 867 καλ

260 930 262 936 ’
329 898 442 989 κώμας
454 900 657 992 ἐμπιπράναι
671 908 844 988 λεηλατεῖν
857 927 893 970 τε
906 917 975 980 τοῖς
984 900 1200 990 στρατιώταις
1213 903 1288 971 έπέ-

330 1030 447 1092 τρεπε,
464 1003 749 1092 προσποιούμενος
761 1003 824 1092 μέν
836 1010 999 1092 τιμωρίαν
1013 1003 1224 1093 εἰσπράττειν
1237 1001 1285 1094 ἐφ’
1304 1031 1314 1071 ε

331 1102 381 1189 οἷς
399 1110 433 1188 ἐς
442 1109 633 1195 Μαξιμῖνον
646 1102 897 1197 ἡμαρτήκεσαν,
919 1106 1158 1188 λανθανόντως
1176 1107 1216 1177 δέ
1232 1105 1290 1177 εό-

330 1211 548 1303 νοιανὲαντῷ
563 1207 734 1300 παρόντων
750 1216 961 1299 στρατιωτῶν
977 1208 1165 1298 μνώμενος,
1189 1207 1236 1281 ἵν’
1263 1221 1294 1281 εί

331 1341 364 1383 τι
376 1320 547 1383 πταίσειεν
555 1311 595 1382 τά
608 1316 804 1401 Μαξιμίνου
817 1311 1004 1402 πράγματα,
1014 1309 1115 1395 αὐτὸς
1127 1321 1214 1402 ἐχων
1228 1314 1290 1385 δό-

331 1444 433 1504 ναμιν
446 1412 633 1486 εόνοοῦσαν
647 1422 704 1504 τῆς
719 1412 822 1505 άρχῆς
835 1411 1093 1504 ἀντιποιήσαιτο.

286 1529 322 1589 10
434 1516 473 1588 τά
487 1519 549 1606 μὲν
565 1518 607 1608 δὴ
622 1517 706 1589 κατά
720 1515 782 1608 την
801 1517 935 1608 Λιβύην
954 1522 992 1589 ἐν
1011 1518 1140 1599 τούτοις
1160 1509 1220 1607 ἦν·
1248 1515 1291 1601 ώς
1307 1559 1324 1600 1⁰

332 1621 370 1692 δέ
384 1625 417 1702 ἐς
431 1619 492 1711 τὴν
507 1619 634 1713 Ῥώμην
648 1622 804 1711 ἐδηλώθη
824 1618 844 1711 ἡ
858 1629 919 1691 τοῦ
935 1622 1127 1710 πρεσβύτου
1142 1623 1290 1713 τελευτή,

331 1729 369 1796 ἐν
383 1732 488 1817 πολλῇ
501 1734 626 1817 ταραχῇ
639 1728 696 1795 καί
710 1723 840 1819 ἀφασία
852 1721 872 1796 δ’
885 1753 920 1796 τε
933 1730 1037 1815 δῆμος
1051 1715 1094 1813 ἦν
1108 1721 1130 1815 ἦ
1150 1754 1187 1795 τε
1207 1725 1292 1817 σάγ-

331 1835 450 1917 κλητος
475 1830 632 1918 μάλιστα,
654 1835 866 1919 [Γορδιανοῦ]
893 1828 1165 1917 τετελευτηκότος
1192 1830 1226 1910 ἐς
1253 1826 1292 1899 δν

332 1927 532 2020 ἠλπίκεσαν·
559 1929 684 2021 ᾔδεσαν
708 1928 772 2022 γάρ
788 1985 795 2000 .
813 1985 821 2000 .
837 1985 844 2000 .
863 1928 968 2001 αὐτόν
989 1927 1067 2001 οὔτε
1089 1931 1292 2020 φεισάμενον

333 2032 438 2114 τινός·
460 2029 496 2113 δς
511 2032 575 2124 γάρ
589 2036 646 2103 καὶ
659 2033 760 2122 φύσει
774 2031 955 2123 ἀλλοτρίως
969 2036 1025 2104 καὶ
1038 2032 1196 2123 ἀπεχθῶς
1209 2034 1292 2126 πρὸς
1307 2068 1325 2111 ιε

334 2132 456 2217 αὐτοὺς
470 2139 622 2224 διέκειτο,
637 2137 710 2207 τότε
723 2139 779 2206 καί
789 2133 841 2206 ἐπ’
858 2133 1008 2225 εὐλόγοις
1023 2145 1143 2219 αἰτίαις
1152 2134 1199 2219 ώς
1212 2134 1293 2229 δμο-

304 2241 551 2328 2λογουμένοις
571 2244 704 2330 ἐχθροῖς
723 2240 859 2321 εἰκότως
879 2237 1044 2330 ώργίξετο.
1098 2244 1213 2325 ἐδοξεν
1230 2233 1294 2313 οὖν

334 2351 515 2413 συνελθεῖν
528 2345 584 2413 καὶ
598 2345 676 2435 περὶ
694 2350 763 2413 τῶν
782 2346 957 2433 πρακτέων
976 2348 1184 2434 σκέψασθαι,
1208 2341 1292 2429 άπαξ

333 2473 369 2522 τε
382 2442 632 2538 άναρρίψαντας
644 2452 807 2517 κίνδυνον
816 2446 963 2535 πόλεμον
977 2444 1293 2538 άρασθαι,·προστη-

333 2554 498 2639 σαμένονς
508 2553 636 2622 ἑαυτών
644 2553 940 2641 χειροτονηθέντας
953 2552 1119 2638 βασιλέως,
1135 2547 1195 2633 οὓς
1209 2548 1290 2640 ἠθέ-
1305 2582 1325 2626 ν

333 2662 440 2743 λησαν
464 2662 598 2747 μερίσαι
621 2653 682 2744 την
706 2652 830 2743 άρχήν,
858 2650 902 2736 ώς
924 2652 968 2742 μη
992 2650 1072 2744 παρ’
1097 2655 1148 2724 ἑνὶ
1168 2646 1293 2743 οὖσαὴ

336 2760 469 2840 ἐξουσία
481 2761 514 2839 ἐς
533 2765 720 2847 τυραννίδα
732 2759 834 2828 πάλιν
848 2760 1005 2847 ἐξοκείλη.
1040 2764 1218 2846 συνῆλθον
1231 2749 1294 2829 οόν

335 2856 399 2928 οὐκ
418 2862 451 2941 ἐς
473 2857 509 2929 τὸ
532 2860 680 2949 σύνηθες
700 2863 880 2950 συνέδριον
900 2856 973 2928 ἀλλ’
995 2863 1028 2940 ές
1046 2857 1106 2930 τόν
1127 2868 1188 2930 τοῦ
1208 2861 1292 2943 Διός

336 2957 424 3031 νεών
437 2968 497 3032 τοῦ
512 2970 748 3049 Καπετωλίου,
763 2958 803 3032 δν
822 2963 959 3050 σέβουσι
974 2959 1125 3052 Ῥωμαῖοι
1139 2966 1176 3033 ἐν
1190 2961 1293 3056 άκρο·

306 3064 442 3143 ςπόλει.
495 3072 750 3152 συγκλείσαντες
764 3054 828 3134 οόν
849 3060 971 3146 αὐτοὺς
992 3069 1029 3135 ἐν
1049 3072 1094 3159 τῷ
1116 3073 1211 3161 σηκῷ
1231 3068 1325 3157 μό-ςι

336 3195 432 3255 νους,
448 3164 559 3256 ὥσπερ
574 3163 639 3236 ὑπὸ
660 3168 804 3256 μάρτυρι
824 3170 948 3260 τῷΔιδ
968 3170 1025 3238 καί
1045 3171 1201 3260 συνέδρω
1221 3175 1292 3242 ἐπι-

336 3270 451 3362 σκόπφ
465 3298 500 3339 τε
513 3276 581 3339 τών
594 3272 840 3359 πραττομένων,
850 3272 1076 3361 ἐπιλεξάμενοι
1085 3279 1154 3342 τών
1168 3278 1206 3343 ἐν
1220 3271 1292 3363 ἡλι-

335 3380 394 3464 κία
415 3374 473 3442 καὶ
491 3370 649 3461 άξιώματι
676 3373 894 3463 προυχόντων
914 3370 974 3456 οδς
993 3380 1190 3466 ἐδοκίμαζον
1210 3374 1292 3448 κατά

335 3484 571 3565 ψηφοφορίαν,
586 3476 730 3565 ἐχόντων
743 3479 799 3547 καί
814 3474 926 3547 άλλων
938 3479 1083 3569 ψήφους,
1103 3484 1293 3571 διακριθει-

335 3586 407 3651 σών
420 3582 525 3651 τεκαὶ
538 3587 598 3650 τοῦ
611 3589 767 3651 πλείστου
783 3588 841 3670 τῆς
860 3580 994 3671 γνώμης
1007 3582 1165 3671 Μάξιμόν
1184 3611 1221 3655 τε
1237 3584 1292 3655 καὶ
1306 3615 1327 3658 ω

280 3706 299 3759 4
313 3691 497 3775 Βαλβίνου
505 3682 709 3773 άνειπόντος
723 3683 977 3777 αὐτοκράτορας
990 3688 1160 3770 ἐποίησαν.
1169 3687 1293 3754 κοίτου

297 3784 345 3858 (δ’
356 3780 404 3881 όν
421 3790 444 3868 ό
453 3794 527 3890 μέν
540 3798 713 3893 Μάξιμος
728 3804 769 3871 ἐν
789 3822 827 3867 τε
848 3798 994 3867 πολλοῖς
1012 3785 1249 3872 στρατοπέδων
1261 3780 1321 3864 ἀρ-
