3134 4367
228 389 233 402 ’
329 420 388 482 146
738 418 882 478 EKTON

298 617 316 672 9
433 587 576 679 ἠγάγετο
589 586 623 659 δ’
644 586 735 681 αὐτῷ
749 590 806 657 καὶ
820 602 964 676 γυναῖκα
978 593 1047 656 τῶν
1063 584 1288 677 εὐπατριδῶν,

329 690 372 784 ἣν
382 701 609 764 συνοικοῦσαν
622 694 679 763 καὶ
693 680 917 781 ἀγαπωμένην
931 689 1013 779 μετὰ
1026 698 1131 759 ταῦτα
1143 698 1213 760 τῶν
1227 699 1288 781 βα-

328 804 464 868 σιλείων
479 801 628 879 ἐδίωξεν·
651 794 871 883 ἐνυβρίζουσοί
885 823 920 864 τε
934 795 990 863 καὶ
1005 802 1184 882 βασίλισσα
1203 793 1288 864 εἶναι

328 903 476 970 θέλουσα
488 900 590 989 μόνη,
606 898 784 987 φθονοῦσί
800 926 836 966 τε
849 906 907 985 της
920 905 1147 987 προσηγορίας
1163 900 1287 987 ἐκείνη,

328 1006 362 1084 ἐς
374 1010 535 1073 τοσοῦτον
549 1001 783 1092 προεχώρησεν
802 996 933 1089 ῦβρεως
947 996 992 1080 ῦς
1011 1000 1071 1069 τὸν
1092 1003 1219 1088 πατέρα
1232 1007 1288 1088 τῆς
1303 1024 1314 1063 ι

329 1105 448 1196 κόρης,
465 1111 573 1175 καίτοι
594 1101 655 1175 ὑπ’
672 1099 894 1191 Ἀλεξάνδρου
907 1111 1061 1192 γαμβροῦ
1081 1100 1177 1184 ῦντος
1199 1103 1290 1172 πάνυ

328 1210 531 1297 τιμώμενον,
546 1206 590 1297 μή
607 1210 753 1296 φέροντα
769 1203 831 1295 τὴν
844 1214 1033 1295 Μαμμαίαν
1046 1210 1291 1295 ἐνυβρίζουσαν

330 1308 421 1404 αὐτῷ
435 1340 471 1381 τε
484 1313 540 1381 καὶ
553 1319 592 1401 τῇ
606 1312 753 1399 θυγατρὶ
770 1306 891 1397 αὑτοῦ,
907 1325 1031 1398 φυγεῖν
1045 1313 1077 1390 ἐς
1096 1308 1134 1378 τό
1149 1308 1290 1399 στρατό-

329 1420 450 1502 πεδον,
473 1421 519 1508 τῷ
533 1415 595 1503 μέν
611 1412 816 1506 Ἀλεξάνδρφ
830 1412 928 1502 χάριν
943 1413 1053 1482 είδότα
1070 1410 1126 1500 ἐφ’
1151 1408 1202 1492 οἷς
1223 1416 1289 1482 ἐτι-

331 1524 431 1606 μᾶτο,
445 1515 507 1605 τήν
521 1518 559 1586 δέ
572 1524 760 1606 Μαμμαίαν
775 1517 974 1605 αίτιωμενον
987 1512 1043 1603 ἐφ’
1060 1511 1109 1596 οἷς
1125 1511 1286 1603 ὑβρίζετο.
1306 1535 1324 1574 1⁰

280 1636 315 1688 10
331 1623 442 1709 ἐκείνη
463 1621 502 1690 δέ
521 1618 776 1710 ἀγανακτήσασα
797 1616 901 1689 αὐτόν
921 1648 956 1689 τε
972 1616 1197 1707 ἀναιρεθῆναι
1217 1621 1289 1689 ε’κέ·

329 1732 445 1812 λευσε,
460 1726 518 1794 καὶ
530 1722 592 1813 τήν
606 1724 711 1814 κόρην
726 1727 950 1812 ἐκβληθεῖσαν
966 1729 1034 1791 τῶν
1055 1730 1238 1811 βασιλείων
1256 1725 1288 1803 ἐς

328 1828 463 1916 Λιβύην
476 1827 697 1916 ἐφυγάδευσε.
721 1835 825 1895 ταῦτα
841 1826 879 1896 δὲ
899 1825 1076 1915 ἐπράττετο
1095 1822 1236 1905 ῦκοντός
1255 1852 1289 1894 τε

329 1932 386 1998 καὶ
401 1927 668 2018 ἀναγκαζομένου
678 1936 739 1998 τοῦ
755 1926 992 2019 Ἀλεξάνδρου·
1008 1919 1088 2016 ήρχε
1102 1927 1166 2018 γὰρ
1182 1926 1290 1998 αῦτοῦ

329 2034 387 2100 καὶ
400 2028 676 2120 ὑπερβαλλόντως
690 2028 711 2120 ή
724 2031 849 2119 μήτηρ,
864 2034 920 2101 καὶ
933 2038 1000 2100 πᾶν
1013 2030 1050 2100 τὸ
1065 2031 1289 2120 κελευόμενον
1306 2057 1325 2096 ιε

331 2139 459 2215 ἐκεῖνος
472 2137 586 2204 ἐποίει.
614 2142 713 2204 τοῦτο
727 2131 760 2202 δ’
778 2131 820 2203 ἄν
840 2164 889 2216 τις
908 2135 1013 2223 μόνον
1035 2140 1130 2222 ἔσχεν
1152 2136 1290 2224 ἐγκαλέ-

330 2260 386 2306 σαι
403 2233 511 2330 αῦτῷ,
526 2234 577 2306 ὅτι
592 2236 633 2326 δή
648 2234 714 2307 ὑπό
729 2245 884 2328 περιττῆς
898 2237 1081 2327 πραότητος
1094 2240 1151 2307 καὶ
1171 2244 1289 2318 αίδοῦς

332 2347 486 2421 πλείονος
499 2335 521 2429 ή
534 2344 633 2430 ἐχρῆν
646 2348 686 2431 τή
701 2348 820 2431 μητρί,
843 2344 880 2413 ἐν
898 2336 948 2421 οἷς
968 2338 1182 2431 ιἰπηρέσκετο,
1202 2337 1290 2430 ὅμως

333 2447 498 2514 ἐπείθετο.

304 2558 324 2618 2
435 2551 519 2617 ἐτ’ῦν
535 2547 597 2637 μὲν
610 2536 673 2616 οῦν
687 2553 898 2638 τρισκαίδεκα
918 2542 1040 2633 οὕτως,
1061 2542 1142 2616 ὅσον
1157 2543 1210 2615 ἐπ’
1226 2543 1290 2615 αῦ-
1305 2568 1330 2608 οο

334 2658 398 2743 τῷ,
412 2650 474 2740 τήν
487 2657 660 2739 βασιλείαν
674 2647 848 2740 ιἰμέμπτως
866 2649 1024 2743 διῴκησε·
1046 2656 1092 2741 τῷ
1114 2650 1151 2719 δὲ
1171 2670 1291 2720 τεσσα-

336 2755 582 2847 ρεσκαιδεκάτην
592 2761 657 2823 ἔτει
667 2761 844 2843 αἰφνιδίως
854 2758 1016 2841 ἐκομίσθη
1032 2751 1207 2842 γρόμματα
1222 2759 1291 2822 τῶν

335 2854 419 2924 κατὰ
441 2864 575 2944 Συρίαν
601 2885 637 2925 τε
659 2859 716 2926 καὶ
736 2863 1001 2943 Μεσοποταμίαν
1017 2852 1208 2944 ἡγεμόνων,
1229 2861 1292 2944 δη-

287 2990 304 3017 a-
317 2965 481 3027 πωλοῦντα
494 2954 546 3027 ότι
562 2954 773 3046 Ἀρταξέρξης
788 2956 806 3028 ό
819 2965 962 3047 Περσῶν
980 2956 1136 3047 βασιλεῦς
1149 2956 1233 3047 μετὰ
1254 2957 1291 3028 τό

335 3067 558 3149 Παρθυαίους
571 3070 730 3129 καθελεῖν
740 3063 862 3149 καλτής
875 3059 958 3130 κατὰ
972 3059 1034 3150 τήν
1048 3058 1215 3151 ἀνατολήν
1228 3058 1290 3150 ιἰρ-
1306 3089 1329 3129 ιι

335 3170 394 3250 χῆς
409 3170 616 3255 παραλῦσαι,
631 3160 835 3252 Ἀρτόβαυόν
848 3191 884 3233 τε
899 3162 959 3233 τόν
979 3164 1144 3256 πρότερον
1164 3164 1291 3235 καλοῦ-

336 3293 438 3354 μενον
454 3264 535 3349 [τὸν]
547 3268 658 3355 μέγαν
675 3267 813 3354 βασιλέα
831 3269 887 3337 καὶ
907 3269 986 3336 δυσὶ
1003 3267 1183 3356 διαδήμασι
1202 3267 1291 3359 χροό-

336 3396 440 3455 μενον
453 3366 656 3458 ἀποκτεῖναι,
667 3369 774 3439 πάντα
788 3397 823 3439 τε
836 3369 876 3439 τὰ
889 3378 1041 3460 περίοικα
1054 3369 1209 3462 βάρβαρα
1221 3400 1291 3461 χει-

338 3471 512 3561 ρώσασθαι
525 3475 581 3542 καί
598 3475 631 3554 ἐς
645 3473 753 3563 φόρου
766 3475 960 3544 συντέλειαν
974 3471 1220 3564 ὑπαγαγέσθαι,
1229 3471 1290 3562 οῦχ

337 3572 490 3665 ήσυχόζει
511 3572 586 3646 οὐδ’
608 3574 701 3666 ἐντὸς
726 3583 880 3667 Τίγριδος
899 3585 1062 3666 ποταμοῦ,
1074 3580 1184 3665 μένει,
1206 3570 1290 3649 ἀλλὰ
1304 3603 1329 3643 ιο

337 3677 395 3761 τὰς
408 3675 742 3770 ῦχθαςῦπερβαίνων
759 3682 816 3751 καὶ
835 3678 914 3763 τοῦς
933 3688 991 3776 τής
1005 3677 1173 3769 Ῥωμαίων
1187 3680 1290 3772 ἀρχῆς

332 3778 437 3874 ὅρους
445 3792 713 3877 Μεσοποταμίαν
726 3812 762 3855 τε
775 3787 965 3879 κατατρέχει
979 3786 1036 3855 καὶ
1048 3784 1177 3876 Σόροις
1192 3781 1289 3858 ἄπει·
