3134 4367
712 442 864 501 TPITON
1220 446 1259 508 79
1334 483 1339 496 .

308 612 463 702 φοτέροις
475 607 555 701 ήμϊν
568 611 647 702 παρ’
664 608 760 701 ὑμῶν
773 614 1011 704 μεμερισμένης
1023 623 1125 704 τιμής.
1147 614 1258 707 ὥσπερ

307 716 345 786 δὲ
358 713 480 785 ἄδικον
491 714 529 784 τό
538 712 653 806 ύρχειν
666 722 775 806 ἔργων
788 724 956 806 πονηρῶν,
971 713 1076 798 οὕτως
1091 716 1259 809 ἄνανδρον

305 818 343 889 τό
361 817 407 907 μὴ
423 816 612 908 ἀμύνεσθαι
633 819 931 908 προαδικούμενον.
984 822 1040 890 καὶ
1057 829 1177 915 Νίγρφ
1196 824 1257 911 μὲν

305 929 531 1046 πολεμοῦντες
566 918 626 1010 ούχ
659 918 764 1003 οὕτως
799 920 960 1049 εὐλόγους
992 933 1122 1012 εἴχομεν
1153 931 1258 1008 αίτίας

275 1020 477 1113 εέχθρας
453 1053 497 1104 ως
515 1023 711 1114 ἀναγκαίας·
732 1021 773 1094 ού
794 1024 857 1115 γὰρ
879 1022 959 1118 παρ’
983 1021 1063 1114 ἡμῖν
1084 1027 1258 1117 προύπύρ-

303 1148 431 1215 χουσαν
445 1124 551 1217 ἀρχήν
565 1125 770 1254 ήφαρπύζων
783 1135 958 1256 μεμίσητο,
980 1132 1017 1199 ἐν
1036 1131 1124 1223 μίσρι
1145 1129 1183 1198 δὲ
1202 1133 1259 1220 ἐρ-

304 1234 470 1320 ριμμένην
489 1228 586 1300 καλ’
567 1231 776 1321 αμφήριστον
800 1222 906 1300 ούσαν
926 1232 1079 1323 ἑκάτερος
1104 1229 1219 1320 ήμῶν
1211 1236 1258 1315 ἐξ

304 1340 457 1421 ίσοτίμου
471 1342 659 1423 φιλοτιμίας
673 1330 760 1416 ἐς’
719 1362 823 1403 αυτον
838 1331 1031 1404 ἀνθεῖλκεν·
1058 1333 1287 1424 Ἀλβϊνοςὸἒ5

303 1441 464 1506 σπονδῶν
476 1433 569 1506 καλ”
549 1466 660 1563 ορκων
672 1437 944 1568 καταφρονήσας,
959 1440 1015 1508 καὶ
1035 1438 1154 1507 τούτου
1174 1434 1254 1527 παρ’

265 1543 386 1627 1υέμοῦ
406 1567 517 1627 τυχων
544 1530 586 1609 ού
613 1540 705 1633 μόνω
725 1568 775 1622 τις
797 1546 860 1632 υίῷ
881 1548 1006 1632 γνησίῳ
1024 1546 1257 1629 μεταδίδωσιν,

303 1641 425 1733 ἐχθρός
439 1643 502 1733 μὲν
515 1639 589 1712 όιντλ
604 1652 707 1733 φίλου
727 1609 881 1731 πολίμίος
903 1642 941 1711 δὲ
958 1640 1086 1713 ύντλί
1052 1672 1069 1712 ο
1072 1650 1178 1713 κείου
1199 1671 1258 1731 γε-

302 1747 425 1814 νέσθαι
444 1746 637 1835 προήρηται.
680 1768 791 1836 ωσπερ
814 1742 912 1815 δὲ’
870 1743 974 1815 αυτόν
1002 1743 1257 1834 εὐεργετοῦντες
1289 1777 1295 1794 ¹

302 1847 469 1936 πρότερον
483 1856 560 1939 τιμή
574 1852 630 1918 καὶ
643 1849 722 1937 θόξη
741 1848 983 1937 ἑκοσμήσαμεν,
1005 1844 1092 1918 οὕτω
1113 1852 1169 1917 καὶ
1190 1856 1255 1917 νῦν

302 1947 409 2020 αὐτοῦ
422 1948 458 2021 τό
474 1948 613 2022 όπιστον
632 1954 688 2022 καλ
709 1948 877 2041 όνανθρον
897 1966 966 2032 τοῖς
983 1947 1096 2032 ὅπλοις
1116 1953 1255 2041 ἐλέγξω-

264 2081 286 2121 ιε
301 2082 374 2142 μεν.
403 2051 485 2123 οὐδὲ
497 2052 561 2144 γὰρ
577 2051 768 2144 ὑπομενεῑό
782 2058 912 2124 ἐκείνου
928 2054 1066 2145 στρατός
1081 2052 1192 2143 ὀλίγος
1206 2050 1254 2129 τόν
1271 2071 1289 2125 6

302 2160 358 2226 καὶ
377 2153 542 2247 νησιτύτης
559 2155 621 2246 τήν
640 2155 804 2248 ὑμετέραν
824 2159 978 2246 δύναμιν.
1023 2167 1057 2228 οἳ
1074 2156 1138 2246 γὰρ
1157 2158 1255 2246 μόνοι

302 2262 359 2329 καὶ
379 2257 460 2329 καθ’
488 2256 612 2343 αὐτούς
631 2268 806 2352 προθυμίᾳ
832 2264 888 2330 καί
914 2258 1053 2353 ἀνδρείᾳ
1080 2260 1254 2342 τοσαύταις

301 2363 420 2451 μάχαις
445 2361 617 2452 ἐνικήσατε
650 2366 706 2435 καὶ
731 2371 842 2434 πᾶσαν
872 2361 1037 2454 ἀνατολήν
1063 2360 1253 2451 ύπετοίξατε,

301 2473 373 2547 πῶς
386 2461 462 2553 ούχλ
478 2469 535 2536 καὶ
547 2473 623 2556 νύν,
635 2467 887 2559 προσελθούσης
901 2464 981 2556 ύμῖν
994 2465 1154 2554 τοσαύτης
1167 2487 1254 2553 συμ-

262 2597 286 2635 νο
303 2568 410 2658 μάχου
435 2568 626 2659 δυνάμεως,
648 2570 768 2658 σχεδόν
793 2597 829 2639 τε
855 2568 978 2649 παντὸς
1004 2575 1064 2637 τοῦ
1087 2565 1255 2655 Ῥωμαίων

300 2678 445 2763 στρατοῦ
463 2675 612 2742 ἐνταῦθα
625 2670 741 2759 όντος,
765 2675 868 2764 ῥᾷστα
882 2670 1061 2760 κρατήσετε
1080 2666 1204 2758 ὀλίγων
1218 2696 1254 2738 τε

300 2770 410 2844 όντων
422 2777 479 2844 καλ
491 2776 575 2864 μηδὲ
587 2772 654 2845 ὑπὸ
670 2782 814 2868 γενναίῳ
828 2774 884 2843 καὶ
893 2773 1035 2862 νήφοντι
1045 2770 1144 2863 ἀνδρὶ
1153 2794 1254 2862 στρα-

299 2879 532 2966 τηγουμένους
548 2886 598 2959 τίς
611 2875 674 2969 γὰρ
684 2876 790 2948 αὐτοῦ
804 2875 840 2947 τὸ
851 2872 1063 2967 ἁβροδίαιτον
1073 2872 1134 2945 ούκ
1149 2874 1251 2964 οἶδεν,
1266 2898 1282 2954 7

300 2977 344 3061 ὦς
358 2997 470 3070 χοροῖς
490 2978 595 3051 αὐτοῦ
609 2989 734 3070 μᾶλλον
754 2977 908 3072 ἁρμόζειν
922 2978 980 3050 τόν
992 2986 1068 3069 βίον
1087 2974 1253 3068 ήφοίλαγ-

262 3115 285 3155 τι
299 3086 367 3167 ξιν;
390 3093 495 3172 ἴωμεν
515 3075 579 3153 ούν
604 3092 643 3175 τῇ
663 3085 807 3174 συνήθει
825 3082 989 3175 χρεόμενοι
1017 3090 1191 3173 προθυμίᾳ
1216 3110 1252 3153 τε

298 3188 354 3256 καὶ
377 3182 518 3278 όινδρείηι
537 3194 700 3277 γενναίως
723 3185 774 3258 ἐπ’
797 3185 918 3274 αύτόν,
937 3185 1040 3267 θεούς
1060 3214 1096 3256 τε
1124 3192 1252 3273 ἔχοντες

298 3288 465 3379 βοηθούς,
487 3294 520 3372 ἐς
536 3286 595 3371 ούς
615 3291 813 3381 ἐπιορκήσας
833 3287 992 3379 ήσέβησε,
1015 3288 1156 3379 τρόπαιύ
1175 3316 1210 3358 τε
1229 3285 1252 3358 ἃ

297 3391 457 3474 πολλάκις
471 3390 668 3483 ήγείραμεν,
683 3386 732 3463 οἷν
744 3397 869 3474 ἐκεῖνος
883 3388 1157 3481 κατεφρόνησεν.”

399 3496 536 3566 τοιαῦτά
555 3524 630 3565 τινα
648 3497 797 3579 είπόντος
817 3502 878 3566 τού
898 3495 1053 3584 Σεοήρου
1073 3492 1091 3565 ὁ
1112 3491 1249 3584 στρατὸς
1266 3516 1284 3569 8

263 3619 285 3662 ³⁰
298 3596 385 3681 ἅπας
398 3596 458 3668 τόν
471 3599 533 3687 μὲν
546 3596 700 3688 Ἀλβῖνον
713 3602 871 3688 πολέμιον
884 3596 1126 3688 ἀνηγόρευσεν,
1141 3594 1250 3682 εύφη-

296 3703 461 3791 μήσαντες
474 3701 513 3772 δὲ
532 3701 590 3772 τὸν
605 3708 774 3791 Σεεήρον,
796 3701 905 3771 πᾶσόν
924 3728 960 3771 τε
979 3705 1173 3793 προθυμίαν
1193 3694 1251 3764 θιόι

297 3812 353 3895 τῆς
373 3812 455 3894 βοῆς
473 3801 709 3895 ὑποσχόμενοι,
735 3812 782 3875 ἔτι
803 3806 860 3877 καὶ
883 3810 1010 3897 μᾶλλον
1030 3799 1264 3892 παρώρμησαν
