3134 4367
368 414 406 473 14
753 413 930 475 ΠΡΩΤΟΝ

318 518 328 567 λ

367 599 484 675 φδεῖσι
502 585 716 678 στρατιώταις
734 586 930 677 χαριστήρια
950 580 1155 675 ὁμολογήσας
1172 594 1230 677 τῆς
1250 617 1316 678 φν-

314 695 562 781 &maffeium
576 699 716 770 πίστεως
724 694 740 775 ,’
753 692 786 770 ἐς
798 686 861 778 τήν
873 696 1045 778 βασίλειον
1065 686 1173 780 αὐλήν
1191 690 1317 781 ἀνεχώ-

363 815 473 884 ρησεν.

332 895 350 955 8
463 895 585 989 χρόνου
598 895 661 985 μέν
673 886 736 965 οὖν
752 892 842 974 τινὸς
856 892 979 983 ὀλίγων
993 898 1078 965 ἐτών
1091 896 1191 987 τιμήν
1207 904 1317 969 πᾶσαν

362 999 506 1092 ἀπένεμε
526 1015 603 1080 τοῖς
630 997 794 1093 πατρῴοις
815 1004 943 1087 φίλοις,
967 998 1075 1068 πάντα
1097 1028 1133 1071 τε
1156 1007 1347 1090 ἔπραττενε

362 1109 501 1185 ἐκείνοις
514 1100 714 1191 συμβούλοις
730 1100 917 1191 χρώμενος·
940 1103 1012 1171 ἐπεὶ
1027 1102 1064 1171 δὲ
1077 1102 1140 1193 τήν
1153 1104 1318 1193 πρόνοιαν

362 1212 541 1298 ἐνεχείρισε
554 1211 612 1295 τής
625 1202 726 1297 ἀρχῆς
747 1207 872 1299 ἑαυτῷ,
893 1205 1069 1295 ἐπιστήσας
1088 1224 1157 1288 τοῖς
1177 1230 1315 1296 στρατο-

361 1314 474 1393 πέδοις
491 1311 693 1398 Περέννιον,
716 1304 824 1400 ἀνδρα
850 1306 887 1376 τὸ
913 1309 976 1397 μὲν
1000 1310 1096 1397 γένος
1118 1308 1317 1400 Ἰταλιώτην,

361 1410 599 1503 στρατιωτικὸν
618 1408 651 1482 δ’
669 1410 755 1481 εἶναι
770 1415 934 1482 δοκοῦντα
949 1409 1016 1498 (διδ
1030 1414 1087 1481 ναὶ
1100 1414 1240 1503 μάλιστα
1253 1412 1314 1484 αύ-

361 1517 419 1588 τδν
433 1524 577 1606 ἔπαρχον
591 1518 725 1604 ἐποίησε
738 1520 807 1584 τών
824 1517 1083 1606 στρατοπέδων),
1103 1524 1144 1608 τῇ
1163 1524 1223 1587 τοῦ
1241 1547 1314 1607 μει-
1335 1550 1358 1589 ιο

361 1630 480 1713 ρακίου
494 1618 727 1711 ἀποχρώμενος
739 1614 852 1712 ήλικίηι
862 1621 988 1701 ἐκεῖνος
996 1629 1109 1690 εἴασεν
1118 1618 1221 1691 αὐτὸν
1235 1650 1314 1711 τρυ-

361 1742 440 1814 φαῖς
454 1722 651 1812 σχολάζοντα
664 1724 720 1791 ναὶ
733 1721 1008 1811 πραιπάλαις,τής
1025 1750 1062 1793 τε
1075 1730 1253 1816 φροντίδος
1259 1728 1316 1794 καὶ

335 1834 431 1903 ντών
443 1834 625 1917 βασιλείων
637 1826 794 1914 ναμάτων
807 1823 936 1915 ἀπήγεν
950 1823 1063 1913 αὐτόν,
1078 1834 1189 1897 πάσαν
1203 1829 1240 1898 δὲ
1254 1826 1316 1918 τήν

361 1939 527 2020 διοίκησιν
533 1935 591 2019 τῆς
598 1926 700 2024 ἀρχῆς
706 1924 806 2009 αὐτὸς
816 1926 992 2011 ἀνεδέξατο
1000 1930 1148 2000 πλούτου
1161 1959 1197 2001 τε
1210 1929 1313 2021 ἀκρα-

358 2035 444 2128 τήτφ
459 2035 622 2124 ἐπιθυμίᾳ
635 2034 691 2100 καὶ
708 2036 776 2100 τών
789 2031 851 2120 μὲν
865 2033 1131 2121 προσντωμίνων
1144 2031 1196 2103 άεὶ
1210 2062 1311 2103 κατα·
1333 2057 1358 2098 15

359 2136 532 2228 φρονήσει,
541 2141 610 2205 τών
623 2133 657 2205 δ’
674 2131 767 2205 οὐπω
782 2134 960 2225 παρόντων
972 2132 1128 2229 ἀπλήστῳ
1142 2133 1313 2227 ἀντιποιή-

359 2263 421 2311 σει.
451 2239 532 2319 -τούς
557 2266 594 2309 τε
617 2237 792 2332 πατρῴους
822 2246 943 2327 φίλους
968 2244 1098 2327 πρώτος
1120 2242 1315 2329 διαβάλλειν

360 2343 495 2434 ήρξατο,
512 2343 570 2412 καί
583 2339 654 2411 ὅσοι
668 2340 826 2412 πλούσιοί
840 2368 876 2411 τε
889 2332 975 2430 ἦσαν
987 2344 1044 2424 καί
1062 2339 1220 2432 εὐγενεῖς,
1235 2346 1312 2414 τού-

359 2476 438 2528 τους
458 2449 491 2527 ἐς
510 2442 660 2529 ὑποψίαν
680 2444 773 2534 ἀγων
801 2442 838 2515 τὸ
858 2446 1032 2536 μειράκιον
1052 2445 1185 2535 ἐφόβει,
1208 2443 1251 2528 ώς
1271 2444 1314 2519 ἀν

360 2549 482 2631 αὐτούς
502 2548 762 2639 διαχρησάμενος
782 2546 940 2641 ἀφορμήν
961 2546 1052 2643 αύτῷ
1072 2550 1234 2639 παράσχοι
1256 2555 1312 2621 καὶ
1329 2580 1356 2619 νο

360 2659 513 2739 ἐξουσίαν
526 2649 684 2744 άρπάζειν
696 2650 737 2723 τά
750 2655 891 2724 ἐκείνων
903 2651 1061 2743 κτήματα.

326 2785 344 2837 3
461 2760 556 2847 μέχρι
575 2757 637 2846 μὲν
656 2749 720 2827 οὐν
738 2754 828 2837 τινὸς
846 2759 955 2845 ἐπεῖχε
976 2755 1035 2826 τδν
1051 2763 1229 2826 νεανίσκον
1242 2754 1264 2845 ή
1276 2786 1312 2827 τε

359 2866 420 2931 τοῦ
440 2857 563 2949 πατρὸς
583 2859 695 2949 μνήμη
721 2861 778 2928 καὶ
803 2856 825 2949 ή
852 2858 935 2950 πρὸς
955 2858 1033 2939 τούς
1060 2866 1178 2947 φίλους
1199 2861 1310 2942 αἰδώς.

360 2961 443 3034 ἀλλά
456 2962 536 3052 γάρ,
551 2959 661 3050 ὥσπερ
680 2959 773 3041 τινὸς
782 2968 935 3052 πονηράς
949 2964 1005 3031 ναὶ
1023 2961 1195 3050 βασκάνου
1212 2964 1311 3053 τύχης

359 3063 608 3157 ἀνατρεπούσης
619 3061 725 3134 αὐτοῦ
739 3062 777 3133 τὸ
792 3070 840 3133 ἔτι
853 3066 1055 3154 σώφρονιιαὶ
1070 3065 1217 3155 κόσμιον,
1225 3089 1306 3137 συν-
1326 3090 1352 3131 τε

309 3201 326 3226 ·-
342 3172 436 3259 οῡέβη
450 3198 481 3239 τι
495 3172 657 3238 τοιοῦτον.
686 3174 857 3237 Λουκίλλα
875 3158 1151 3263 ἦντώΚομμόδφ
1160 3178 1308 3259 πρεσβυ-

359 3273 439 3363 τάτη
455 3271 591 3343 πάντων
606 3268 746 3360 ἀδελφή.
773 3266 858 3360 αὐτη
879 3270 1043 3362 πρότερον
1057 3280 1191 3365 Λουκίμ
1209 3269 1309 3367 ’δήρω

359 3373 577 3466 αὐτοκράτορι
604 3373 765 3470 συνῴκει,
793 3370 833 3444 δν
858 3373 1024 3445 κοινωνὸν
1056 3381 1114 3465 τής
1139 3382 1309 3463 βασιλείας

357 3481 496 3572 Μάρκος
509 3468 747 3569 ποιησάμενος,
767 3477 886 3559 ἐνδούς
898 3506 934 3548 τε
947 3476 1038 3573 αὐτῷ
1050 3477 1113 3568 τήν
1125 3483 1308 3569 θυγατέρα,

356 3583 480 3675 δεσμὸν
500 3581 632 3664 εὐνοίας
651 3580 858 3673 ἐχυρώτατον
878 3580 940 3672 τήν
965 3581 1047 3671 πρὸς
1065 3577 1168 3650 αὐτὸν
1189 3584 1304 3670 ἐπιγα-
1324 3612 1351 3653 ω

355 3697 436 3778 μίαν
450 3686 635 3778 ἐποιήσατο.
649 3683 723 3757 ἀλλ’
739 3685 812 3755 ἐπεὶ
826 3688 951 3776 συνέβη
963 3684 1023 3756 τδν
1029 3683 1177 3756 Λούκιον
1190 3695 1303 3755 τελευ-

270 3839 275 3880 χ
340 3797 450 3875 effatu,
460 3789 646 3876 μενόντων
657 3795 700 3882 τῇ
707 3797 879 3880 Λουκίλλη
892 3795 960 3861 τών
968 3793 1025 3879 τής
1037 3794 1207 3876 βασιλείας
1220 3808 1303 3881 συμ-
