3134 4367
681 427 902 488 κτυναοοα
1129 381 1132 390 ’
1222 427 1262 488 67

309 606 382 685 ξεν,
397 593 455 667 ἅτε
468 598 506 667 δὲ
519 593 603 685 άνὴρ
619 596 795 688 προμηθής
808 627 843 668 τε
862 598 919 667 καὶ
938 598 1056 687 νήφων
1082 595 1259 671 ὑπώπτευε
1274 613 1309 671 15

309 700 372 791 τὴν
386 704 424 770 ἐν
439 707 621 792 Βρεττανίᾳ
635 701 780 790 δύναμιν
794 701 922 789 πολλήν
933 728 969 770 τε
982 691 1088 770 οὖσαν
1099 704 1156 773 καὶ
1165 711 1260 793 μεγί-

309 826 393 892 στην
413 800 549 892 άνδρών
568 831 603 873 τε
618 804 864 894 μαχιμωτάτων.
898 795 979 895 ἦρχε
993 802 1025 874 δ’
1041 802 1142 893 αὐτῆς
1155 806 1260 895 πάσης

306 905 475 995 Ἀλβῖνος,
495 902 580 995 άνὴρ
602 906 638 975 τδ
657 907 719 995 μὲν
742 910 837 995 γένος
857 913 925 977 τών
941 911 978 977 ἐκ
997 914 1055 995 τῆς
1073 909 1260 996 συγκλήτου

283 1007 540 1098 αῗεύπατριδών,
563 1012 600 1078 ἐν
622 1009 755 1103 πλούτῳ
780 1010 818 1079 δέ
842 1012 899 1079 καὶ
920 1018 1032 1101 τρυφῇ
1053 1012 1089 1079 ἐκ
1109 1014 1260 1099 πατέρων

308 1112 521 1202 άνατραφείς.
550 1119 669 1182 τοῦτον
682 1120 800 1183 τοίνυν
819 1109 985 1202 ἠθέλησεν
1004 1110 1186 1201 δΣεεῆρος
1198 1134 1257 1182 σο-
1272 1123 1289 1175 2

309 1225 450 1306 φίσματι
463 1213 641 1305 προλαβών
655 1215 908 1304 οἰκειώσασθαι,
928 1216 974 1306 μή
987 1243 1056 1298 πως
1070 1213 1134 1305 άρα
1147 1222 1262 1285 τοιαῦ-

307 1348 349 1389 τα
362 1325 449 1406 ἔχων
465 1315 654 1406 ἐναύσματα
668 1322 700 1401 ἐς
706 1326 883 1408 βασιλείας
897 1321 1100 1407 ἐπιθυμίαν,
1121 1325 1261 1409 θαρρῶν

310 1418 353 1510 [ἦ]
372 1420 507 1513 πλούτῳ
528 1423 585 1490 καλ
605 1423 694 1509 γένει
717 1421 859 1510 δυνάμει
877 1448 913 1491 τε
934 1428 1076 1511 στρατοῦ
1090 1420 1211 1510 γνώσει
1226 1448 1261 1490 τε

268 1541 292 1581 ¹⁰
308 1532 348 1615 τῇ
368 1522 460 1614 παρά
469 1519 655 1612 Ῥωμαίοις,
679 1527 835 1613 ἐπιθῆται
854 1539 921 1605 τοῖς
939 1524 1106 1614 πράγμασι
1125 1527 1181 1594 καὶ
1197 1522 1278 1611 τὴν

301 1624 430 1715 Ῥώμην
443 1623 485 1695 ού
498 1626 585 1696 πολύ
597 1654 630 1695 τι
643 1625 841 1716 άφεστώσαν
860 1629 991 1696 ἐκείνου
1005 1625 1087 1697 κατά
1101 1624 1162 1716 τὴν
1176 1625 1258 1697 άνα-

306 1729 408 1818 τολὴν
418 1726 658 1818 άσχοληθέντος
672 1726 923 1819 δποποιήσηται.
938 1737 1014 1817 τιμῇ
1028 1735 1144 1799 τοίνυν
1156 1751 1259 1818 προσ·
1273 1743 1290 1797 3

306 1833 434 1925 ποιήτφ
456 1829 600 1917 δελεάζει
620 1829 680 1902 τὸν
693 1829 893 1922 άνθρωπον,
913 1834 970 1901 καὶ
982 1829 1088 1912 άλλως
1101 1832 1162 1920 μὲν
1177 1830 1257 1902 ὅντα

307 1934 368 2025 τὴν
386 1933 526 2024 γνώμην
544 1941 671 2023 χαῦνον
689 1938 745 2005 καὶ
764 1932 1023 2026 άπλοϊκώτερον,
1051 1934 1124 2004 τότε
1144 1937 1182 2006 δὲ
1201 1937 1258 2005 καλ

265 2059 289 2101 ¹5
307 2039 414 2109 πολλά
435 2036 492 2108 διά
513 2037 713 2127 γραμμάτων
733 2035 891 2127 ὀμόσαντι
903 2045 949 2131 τῷ
967 2037 1107 2130 Σεεήρμ
1120 2038 1256 2108 πιστεύ-

305 2164 418 2212 σαντα.
446 2147 600 2231 Καίσαρα
614 2140 651 2210 δέ
673 2137 778 2211 αύτδν
791 2138 1023 2229 ἀποδεικνύει,
1045 2140 1178 2229 φθάσας
1192 2138 1255 2210 αύ-

305 2252 364 2315 τοῦ
383 2243 446 2333 τὴν
466 2248 584 2314 ἐλπίδα
604 2244 660 2313 καὶ
679 2242 740 2333 τὴν
763 2248 947 2333 ἐπιθυμίαν
968 2251 1008 2335 τῇ
1028 2250 1085 2332 τῆς
1106 2246 1255 2327 ἐξουσίας

304 2353 476 2438 κοινωνία.
503 2348 684 2417 ἐπιστέλλει
699 2347 737 2416 δὲ
750 2343 842 2441 αύτῷ
864 2346 1065 2436 φιλικώτατα
1079 2345 1252 2435 γράμματα
1266 2359 1284 2411 4

305 2456 431 2539 δῆθεν,
454 2448 613 2519 ἱκετεύων
635 2452 808 2519 ἐπιδοῦναι
829 2447 932 2519 αὑτὸν
955 2454 988 2531 ἐς
1002 2448 1063 2537 τὴν
1082 2455 1139 2538 τῆς
1154 2446 1254 2538 ἀρχῆς

264 2578 289 2618 ιο
307 2557 487 2642 φροντίδα·
503 2558 636 2622 δεῖσθαι
649 2549 713 2641 γάρ
727 2549 849 2641 άνδρδς
860 2549 1017 2640 εὐγενοῦς
1030 2552 1087 2620 καὶ
1101 2550 1254 2619 τοιούτου

304 2655 365 2745 τήν
378 2683 414 2726 τε
427 2651 559 2744 ἡλικίαν
572 2662 621 2725 ἐτι
641 2651 838 2742 άκμάζοντος
853 2651 957 2724 αὐτὸν
970 2650 1254 2744 δνταπρεσβύτην

303 2762 360 2829 καὶ
377 2756 445 2829 ὑπὸ
459 2755 765 2848 νόσουάρθρίτιδος
777 2754 1027 2844 ἐνοχλούμενον,
1042 2761 1109 2823 τών
1126 2781 1161 2826 τε
1174 2763 1253 2824 παί-

304 2868 374 2932 δων
388 2856 480 2953 αύτῷ
494 2857 602 2930 ὄντων
615 2859 705 2929 πάνυ
725 2867 865 2947 νηπίων.
892 2853 942 2939 οἷς
954 2857 1131 2939 πιστεύσας
1144 2854 1162 2927 ὁ
1178 2855 1252 2927 Ἀλ-

303 2973 397 3053 βῖνος
409 2961 471 3051 τὴν
483 2962 580 3053 τιμὴν
591 2959 770 3045 ὑπεδέξατο
783 2959 971 3049 άσπαστώς,
986 2958 1156 3050 ἀγαπήσας
1169 2959 1252 3032 άνευ

264 3096 289 3137 ιι
304 3064 408 3157 μάχης
428 3069 484 3137 καὶ
503 3063 666 3136 κινδύνων
687 3074 802 3155 λαβεῖν
815 3072 918 3136 ταῦτα
933 3056 981 3134 ών
1000 3061 1150 3156 ώρέγετο.
1179 3062 1196 3135 ὁ
1212 3066 1250 3135 δέ
1264 3074 1280 3127 5

303 3177 454 3260 Σεεῆρος
469 3166 619 3261 καὶπρὸς
633 3167 693 3259 τὴν
707 3169 891 3259 σύγκλητον
903 3166 944 3238 τά
952 3164 1037 3237 αὐτά
1051 3164 1250 3257 ἀνενεγκών,
1317 3219 1320 3224 -

304 3270 348 3355 ώς
362 3269 405 3343 άν
420 3269 656 3361 μάλλοναύτδν
669 3275 702 3353 ἐς
714 3280 827 3342 πίστιν
840 3269 1051 3360 ὑπαγάγοιτο,
1067 3272 1252 3360 νομίσματά

303 3404 338 3445 τε
351 3372 459 3445 αὐτοῦ
474 3382 616 3463 κοπῆναι
628 3377 801 3464 ἐπέτρεψε,
815 3378 872 3445 καλ
884 3372 1092 3462 άνδριάντων
1107 3370 1250 3444 άναστά-

304 3500 374 3549 σεσι
394 3493 466 3559 ταῖς
486 3505 521 3547 τε
543 3488 673 3557 λοιπαῖς
692 3493 798 3566 τιμαῖς
817 3478 879 3568 τὴν
893 3483 1054 3547 δοθεῖσαν
1066 3475 1163 3567 χάριν
1177 3481 1250 3546 ἐπι-

268 3602 292 3645 ³⁰
305 3580 461 3652 στώσατο.
495 3582 566 3651 ἐπεὶ
581 3580 618 3649 δέ
631 3575 721 3671 αὐτῷ
735 3580 774 3648 τά
787 3580 869 3671 πρὸς
882 3577 941 3650 τὸν
952 3574 1103 3667 Ἀλβῖνον
1122 3578 1178 3648 διὰ
1191 3600 1249 3646 σο-

305 3692 383 3773 φίας
396 3681 554 3772 ιἰσφαλώς
567 3681 670 3770 εἶχεν,
686 3679 768 3752 οὐδέ
779 3711 810 3753 τι
823 3686 898 3765 δέος
910 3671 953 3771 ἦν
966 3677 1030 3750 άπὸ
1040 3686 1248 3769 Βρεττανίας,

305 3786 340 3856 τό
353 3815 389 3858 τε
398 3783 581 3878 Ἰλλυρικὸν
599 3783 786 3878 στράτευμα
799 3783 864 3859 σδν
878 3782 968 3883 αὐτῷ
987 3790 1054 3855 πᾶν
1077 3781 1143 3871 εἶχε
1152 3833 1164 3869 ,
1173 3785 1258 3871 διερ-

1065 3902 1114 3963 5ο
