3134 4367
374 415 412 477 ιε
656 394 658 402 ’
762 411 942 473 Πεοεοα

1244 488 1248 518 λ

373 591 571 677 στρατιῶταί
590 612 677 665 τινες
691 582 853 664 λαθόντες
866 580 925 653 τόν
938 588 999 653 τού
1011 589 1200 675 Περεννίου
1213 592 1329 673 παίδα,

335 690 342 724 *
372 692 430 760 καὶ
455 696 639 779 νομίσματα
665 687 824 776 ἐκόμισαν
842 689 1095 776 ἐκτετυπωμέναι
1114 686 1176 777 τήν
1195 690 1330 760 ἐκείνου

374 793 504 865 εἰκόνα·
527 791 689 873 λαθόντες
703 791 740 861 δὲ
754 798 862 860 καίτοι
877 797 1021 881 ἔπαρχον
1035 788 1116 861 όντα
1127 789 1187 861 τόν
1199 795 1329 882 Περίν-

373 926 464 982 νιον,
480 899 536 965 καλ
556 898 723 978 δείξαντες
741 900 788 988 τῷ
805 893 972 988 Κομμόδφ
990 892 1031 963 τά
1051 902 1255 985 νομίσματα,
1277 901 1328 964 δι-

375 1001 532 1084 δάξοντές
544 1027 580 1069 τε
593 1005 650 1088 τῆς
664 1002 843 1086 ἐπιβουλῆς
856 996 896 1067 τά
909 996 1138 1085 λανθάνοντα,
1153 996 1249 1069 αὐτοὶ
1270 999 1331 1088 μὲν
1349 1025 1360 1064 ε

342 1111 493 1192 8ἔτυχον
511 1102 665 1193 μεγάλων
686 1106 842 1192 δωρεῶν,
869 1098 1071 1189 ἀγνοοῦντος
1092 1102 1252 1171 δὲταῦτα
1272 1109 1332 1171 τού

373 1214 562 1299 Περεννίον
588 1207 693 1294 μηδέν
712 1232 748 1274 τε
770 1210 923 1274 τοιούτου
951 1207 1236 1295 προσδεχομένου,
1270 1205 1330 1275 νύ-

374 1339 463 1400 κτωρ
477 1306 494 1379 ό
507 1309 683 1398 Κόμμοδος
694 1311 825 1398 πέμψας
838 1305 1014 1397 ἀποτέμνει
1021 1307 1084 1398 τήν
1091 1310 1259 1399 κεφαλήν·
1277 1311 1333 1379 καὶ

374 1413 436 1505 τήν
456 1421 631 1501 ταχίστην,
655 1409 745 1493 ὅπως
756 1409 825 1501 τήν
851 1417 920 1480 τεόν
943 1415 1179 1502 πραττομένων
1205 1418 1332 1500 γνῶσιν

375 1516 571 1608 φθάσωσιν,
586 1517 744 1605 ἐκπέμπει
758 1512 837 1595 τούς
849 1519 1117 1604 πορευσομένους
1131 1515 1241 1605 φήμης
1254 1513 1330 1599 όξυ-
1352 1546 1375 1585 ιο

374 1625 459 1717 τέρφ
473 1620 585 1714 δρόμφ
600 1622 776 1709 ἐπιστήναί
790 1646 827 1687 τε
842 1620 1091 1708 δυνησομένους
1104 1625 1150 1713 τῷ
1165 1622 1261 1690 παιδλ
1274 1626 1334 1689 τοῦ

374 1731 565 1814 Περεννίου
577 1722 618 1792 τὰ
638 1724 693 1793 ἐπὶ
705 1727 763 1812 τής
776 1719 898 1811 Ῥεόμης
911 1720 1102 1810 ἀγνοοῦντι,
1111 1722 1284 1813 γράμματά
1297 1752 1334 1793 τε

376 1825 495 1915 φιλικά
508 1826 647 1914 ποιήσας
660 1828 716 1895 καλ
730 1834 854 1914 μείζοσι
869 1826 977 1915 φήσας
991 1836 1107 1896 καλεῖν
1126 1831 1256 1897 ἐλπίσιν
1271 1824 1332 1896 αύ-

345 1946 363 1999 9
378 1930 437 2001 τόν
449 1927 546 2017 ήκειν
563 1929 703 1998 κελεύει.
756 1926 775 1997 δ
795 1929 832 1997 δὲ
845 1928 927 2017 μήτε
940 1957 972 1998 τι
985 1935 1042 2019 τής
1056 1937 1267 2019 παρασκευῆς
1282 1957 1333 2001 πω

376 2036 432 2103 καλ
444 2038 513 2102 τεόν
527 2033 805 2121 βεβουλευμένων
818 2032 899 2122 μήτε
912 2060 944 2101 τι
957 2038 1026 2102 τείν
1038 2030 1122 2103 κατά
1135 2032 1195 2103 τόν
1208 2037 1334 2124 πατέρα
1352 2069 1375 2109 ιε

376 2135 491 2222 είδσίς,
504 2141 572 2205 τῶν
585 2163 621 2205 τε
642 2132 794 2223 ἀγγέλων
808 2134 971 2205 εἰπόντων
990 2142 1095 2205 ταῦτα
1114 2135 1248 2207 καὶτὸν
1269 2163 1332 2207 πα-

376 2243 455 2330 τέρα
469 2238 665 2309 ἐντετάλθαι
684 2238 825 2328 ῥήμασι,
843 2238 949 2327 μηδὲν
962 2239 1000 2308 δὲ
1014 2242 1250 2311 ἐπεσταλκέναι
1267 2257 1335 2321 τοῖς

377 2349 558 2433 βασιλείοις
576 2339 787 2431 ἀρκούμενον
813 2342 998 2432 γράμμασι,
1020 2344 1199 2424 πιστεύσας
1219 2340 1236 2413 ό
1255 2372 1333 2413 νεα-

377 2454 463 2532 νίας,
474 2444 648 2534 ἀσχάλλων
663 2446 725 2534 μὲν
738 2446 795 2513 καλ
809 2450 990 2534 δυσφορῶν
1003 2442 1053 2515 ὅτι
1068 2444 1109 2536 δή
1124 2444 1224 2536 ἀτελή
1237 2451 1333 2516 κατέ-

378 2560 455 2621 λιπε
464 2548 505 2620 τά
515 2550 776 2638 βεβουλευμένα,
788 2545 875 2639 ὅμως
890 2547 928 2617 δὲ
937 2555 1077 2639 θαρρῶν
1090 2556 1130 2639 τῇ
1143 2549 1336 2639 τοῦπατρὸς
1351 2578 1375 2617 νο

331 2677 366 2730 10
380 2651 424 2736 ὥς
438 2660 486 2724 ἔτι
500 2652 693 2743 συνεστύση
708 2653 870 2741 δυνάμει,
885 2668 1027 2722 ποιεῖται
1041 2646 1242 2741 τήύέξοδον.
1277 2683 1333 2742 γε·

378 2758 523 2846 νόμενον
537 2759 575 2827 δέ
588 2753 692 2826 αὐτὸν
705 2755 789 2827 κατά
804 2754 865 2846 τήν
887 2754 1044 2842 Ἰταλίαν,
1059 2752 1108 2836 οἷς
1126 2763 1224 2827 τούτο
1245 2761 1334 2827 ἐντέ-

332 2896 334 2900 ·
377 2870 491 2945 ταλτο,
507 2859 734 2949 διεχρήσαντο.
767 2866 920 2930 τοιοῦτον
936 2859 997 2948 μέν
1017 2858 1059 2948 δή
1077 2864 1169 2941 τέλος
1187 2864 1337 2941 ἐκείνους

378 2966 576 3051 κατέλαβεν·
601 2958 619 3031 ὁ
634 2962 672 3030 δέ
685 2960 861 3051 Κόμμοδος
875 2961 937 3031 δύο
950 2958 1028 3042 τούς
1051 2964 1214 3053 ἐπάρχους
1234 2992 1334 3034 κατα-

379 3065 500 3154 στήσας
513 3063 761 3154 ἀσφαλέστερον
775 3061 872 3157 ᾠήθη
892 3062 936 3152 μή
958 3066 1008 3133 ἑνὶ
1021 3066 1192 3137 πιστεύειν
1213 3067 1333 3137 τοσαύ-
1352 3098 1375 3139 νε

379 3198 441 3258 την
461 3172 633 3255 ἐξουσίαν,
652 3171 871 3258 μερισθεῖσαν
899 3168 937 3236 δέ
963 3164 1070 3257 αὐτήν
1089 3168 1336 3261 ἀσθενεστέραν

381 3278 519 3343 ἔσεσθαι
533 3270 651 3360 ήλπισε
666 3268 748 3361 πρὸς
760 3269 823 3360 τὴν
833 3277 1004 3359 βασιλείας
1017 3274 1212 3363 ἐπιθυμίαν.

335 3390 374 3450 10
482 3375 606 3464 χρόνον
628 3375 665 3444 δὲ
687 3371 728 3444 ού
751 3380 877 3445 πολλοῦ
898 3378 1138 3465 διαγενομένου
1167 3379 1261 3467 ἑτέρα
1287 3405 1336 3458 τις

382 3476 543 3568 ἐπιβουλή
556 3478 692 3567 τοιαύτη
705 3475 777 3547 κατ’
794 3475 898 3547 αύτού
915 3481 1180 3570 συνεσκευάσθη.
1197 3480 1334 3569 Μάτερ-

331 3621 348 3645 a.
358 3610 391 3647 ιω
398 3611 456 3664 νος
467 3574 510 3672 ήν
523 3610 588 3668 τις,
603 3581 804 3672 στρατιώτης
816 3582 878 3671 μὲν
898 3582 1077 3673 πρότερον,
1097 3581 1204 3654 πολλά
1223 3585 1261 3654 δὲ
1279 3587 1336 3653 καλ
1353 3608 1375 3649 ει

382 3684 478 3757 δεινά
491 3686 670 3775 τολμήσας,
690 3686 752 3775 τήν
770 3713 807 3755 τε
825 3685 918 3767 τάξιν
932 3686 1040 3757 λιπώυ
1059 3689 1115 3755 καλ
1134 3694 1251 3767 πείσας
1265 3689 1333 3757 ἑτέ-

204 3781 309 3887 Ἰ
343 3794 452 3867 ’ρους
461 3786 532 3858 α’πό
545 3795 617 3859 ταῖν
627 3784 745 3861 αὐτῶν
757 3796 867 3884 ἔργων
876 3794 1139 3882 συνακοδράναι,
1148 3807 1243 3883 χεῖρα
1252 3799 1333 3860 πολ-
