3134 4367
673 428 888 487 TETAPTON
1026 403 1032 422 “
1113 510 1120 526 ·
1193 426 1250 486 111

297 601 449 687 κατῆλθέ
459 626 496 669 τε
511 604 558 679 είς
571 597 709 690 Θρᾴκην
722 599 898 670 Μακεδόσι
910 607 1118 689 γειτνιῶσαν,
1126 597 1256 683 εύθύςι
1269 621 1305 658 ²¹⁴

292 700 510 793 Ἀλέξανδρος
527 692 588 790 ἦν,
608 706 665 772 καλ
683 702 745 790 τήν
764 730 800 773 τε
818 702 952 791 μνήμην
971 700 1076 773 αὐτοῦ
1089 711 1255 786 παντοίως

296 803 518 892 άνενεῶσατο,
533 805 664 886 εἰκόνας
677 831 713 875 τε
731 809 788 875 καλ
801 802 1001 893 ἀνδριάντας
1009 810 1046 876 έν
1059 807 1178 889 πάσαις
1191 807 1255 877 πό-

296 918 392 979 λεσιν
405 905 589 996 ἀναστῆναι
608 912 780 997 ἐκέλευσε,
795 910 857 997 τήν
869 936 905 978 τε
919 906 1045 999 Ῥῶμην
1064 911 1256 997 ἐπλήρωσεν

266 1010 511 1101 εάνδριάντων
531 1014 588 1080 καλ
609 1012 768 1099 είκόνων,
791 1016 829 1082 έν
853 1018 899 1103 τῷ
917 1019 1122 1105 Καπετωλίῳ
1142 1015 1199 1081 καὶ
1218 1017 1255 1082 έν
1318 1011 1322 1026 '

296 1114 411 1196 ἄλλοις
425 1120 551 1202 ίεροῖς,
562 1120 618 1202 τῆς
632 1113 715 1205 πρὸς
731 1112 948 1204 Ἀλέξανδρον
959 1123 1155 1204 συναφείας.
1177 1113 1250 1185 ἔσθ’
1268 1122 1286 1173 2

296 1215 384 1289 όπου
397 1219 436 1287 δὲ
449 1220 506 1287 καλ
520 1218 640 1306 χλεύης
654 1224 789 1306 εἴδομεν
802 1218 894 1302 άξίας
907 1219 1048 1306 εἰκόνας,
1063 1222 1100 1289 ἐν
1113 1234 1257 1307 γραφαῖς

251 1383 255 1390 .
297 1318 372 1402 ἑνός
397 1321 548 1409 στόματος
575 1317 640 1391 ύπὸ
668 1330 866 1415 περιφερείᾳ
893 1329 1040 1411 κεφαλῆς
1062 1329 1138 1411 μιᾶς
1164 1318 1258 1403 όψεις

296 1421 477 1513 ήμιτόμους
492 1424 571 1511 δύο,
585 1421 806 1513 Ἀλεξάνδρου
820 1454 855 1494 τε
869 1427 925 1499 καὶ
942 1423 1158 1495 Ἀυτωνίνου
1173 1453 1257 1512 προ-

257 1556 280 1597 ιο
297 1529 350 1619 ήει
365 1528 404 1597 δὲ
420 1525 521 1608 αύτός
535 1530 572 1597 ἐν
585 1534 813 1621 Μακεδονικῷ
827 1527 981 1616 σχήματι,
996 1536 1141 1598 καυσίαν
1154 1556 1189 1598 τε
1203 1530 1258 1598 έπλ

294 1629 358 1719 τήν
372 1629 526 1719 κεφαλήν
542 1633 657 1720 φέρων
670 1634 727 1700 καί
743 1637 907 1720 κρηπῖδας
923 1628 1165 1719 ὑποδούμενος.
1183 1635 1257 1701 έπι-

295 1733 474 1822 λεξάμενός
495 1761 530 1803 τε
557 1742 693 1815 νεανίας
718 1736 774 1803 καί
797 1733 999 1824 στρατεύσας
1017 1732 1257 1821 Μακεδονικήν

269 1905 273 1912 .
295 1837 407 1907 ἐκάλει
422 1836 589 1925 φάλαγγα,
603 1837 681 1919 τούς
695 1865 731 1907 τε
744 1833 954 1925 ἡγουμένους
968 1834 1069 1925 αύτής
1082 1838 1201 1926 φέρειν
1215 1833 1256 1906 τά

297 1948 365 2010 τῶν
384 1944 519 2010 ἐκείνου
540 1947 734 2030 στρατηγῶν
757 1936 913 2028 ὀνόματα.
956 1936 1022 2010 άπό
1043 1968 1078 2010 τε
1098 1940 1286 2029 Σπάρτης3

256 2067 280 2107 ιε
298 2043 593 2132 μεταπεμψάμενος
612 2052 747 2124 νεανίας
764 2041 964 2113 Λακωνικὸν
987 2045 1043 2113 καλ
1065 2044 1257 2132 Πιτανάτην

296 2147 397 2235 λόχον
410 2147 529 2217 ἐκάλει.

398 2257 504 2319 ταῦτα
517 2250 555 2318 δὲ
568 2250 722 2338 ποιήσας,
737 2250 778 2319 τά
791 2278 827 2320 τε
846 2253 883 2320 ἐν
900 2265 971 2330 ταῖς
991 2249 1106 2319 πόλεσι
1126 2250 1256 2336 διοική-

296 2376 357 2433 σας
371 2349 416 2434 ῶς
436 2356 621 2440 ἐνεδέχετο,
644 2349 789 2441 ἠπείχθη
810 2356 843 2435 ἐς
856 2356 1037 2443 Πέργαμον
1059 2360 1116 2440 της
1134 2350 1256 2436 Ἀσίας,

297 2455 486 2543 χρήσασθαι
508 2456 712 2544 βουλόμενος
736 2465 933 2542 θεραπείαις
959 2463 1019 2525 τοῦ
1045 2452 1254 2543 Ἀσκληπιοῦ.

257 2591 284 2631 ιο
300 2559 503 2647 ἀφικόμενος
517 2558 558 2646 δή
574 2562 654 2646 ἐκεῖ,
663 2561 720 2628 καὶ
733 2564 766 2638 ἐς
779 2556 860 2628 ὅσον
875 2556 978 2647 ήθελε
993 2565 1061 2626 τῶν
1075 2553 1256 2644 ὀνειράτων

296 2668 520 2752 ἐμφορηθείς,
538 2653 622 2750 ήκεν
643 2664 677 2743 ές
689 2659 805 2731 Ἴλιον.
822 2709 830 2716 -
858 2657 1014 2730 έπελδῶν
1035 2659 1073 2728 δὲ
1089 2658 1196 2728 πάντα
1216 2657 1289 2727 zon

296 2773 354 2853 τῆς
368 2765 496 2846 πόλεως
517 2773 674 2852 λείψανα,
695 2755 778 2852 ήκεν
797 2765 852 2833 ε’πλ
871 2761 931 2833 τόν
948 2760 1119 2850 Ἀχιλλέως
1139 2762 1255 2849 τάφον,

295 2868 475 2957 στεφάνοις
494 2897 530 2938 τε
544 2867 710 2957 κοσμήσας
729 2868 786 2937 καί
807 2863 929 2936 άνθεσι
947 2872 1137 2948 πολυτελῶς
1156 2866 1257 2937 πάλιν

293 2968 442 3059 Ἀχιλλέα
456 2975 610 3061 ἐμιμεῖτο.
627 2977 732 3060 ζητῶν
745 2999 781 3041 τε
795 2973 851 3040 καλ
863 2970 1061 3058 Πάτροκλόν
1074 2998 1149 3039 τινα
1164 2973 1257 3039 έποί-

258 3103 283 3142 τε
300 3076 362 3162 ησέ
373 3102 406 3144 τι
418 3083 582 3144 τοιοῦτον.
611 3066 654 3163 ἦν
669 3071 760 3167 αύτῷ
773 3102 823 3155 τις
842 3080 910 3144 τῶν
925 3071 1164 3161 ἀπελευθέρων
1177 3081 1256 3163 φίλ-

297 3205 410 3265 τατος,
434 3185 564 3267 Φῆστος
583 3178 645 3265 μὲν
665 3175 788 3267 όνομα,
803 3184 861 3266 τῆς
881 3177 919 3247 δὲ
940 3184 1112 3267 βασιλείου
1126 3176 1256 3265 μνήμης

297 3281 476 3369 προεστώς.
514 3271 612 3362 οὗτος
634 3278 731 3362 όντος
749 3277 856 3351 αύτοῶ
875 3284 913 3350 έν
926 3278 1011 3373 Ἰλίφ
1031 3280 1255 3369 ἐτελεύτησεν,

299 3412 343 3465 τις
356 3386 420 3472 μέν
433 3412 521 3465 τινες
534 3392 666 3471 ἔλεγον,
682 3385 846 3476 φαρμάκῳ
862 3380 1054 3474 ἀναιρεθεὶς
1067 3380 1112 3453 ἵν’
1129 3380 1256 3465 ῶςΠά-

298 3496 437 3575 τροκλος
450 3495 556 3578 ταφή,
572 3482 617 3565 ῶς
634 3487 672 3555 δέ
692 3490 798 3576 ἕτεροι
815 3494 981 3575 ἔφασκον,
1000 3486 1089 3579 νόσῳ
1104 3493 1254 3575 διαφθα-

261 3615 284 3658 εο
299 3596 379 3678 ρείς.
430 3591 552 3660 τούτου
568 3597 771 3677 κομισθῆναι
789 3590 919 3660 κελεύει
939 3587 998 3659 τὸν
1012 3591 1132 3675 νέκυν,
1147 3589 1257 3671 ξύλων
1274 3591 1290 3644 5

299 3720 335 3763 τε
349 3700 485 3780 πολλῶν
501 3690 729 3782 άδροισδήυαι
742 3692 870 3782 πυράν·
893 3697 1023 3773 ἐπιθείς
1040 3721 1075 3761 τε
1094 3688 1199 3759 αὐτὸν
1218 3692 1256 3757 ἐν

299 3797 388 3888 μέσῳ
409 3799 466 3865 καλ
485 3793 681 3867 παντοδαπά
698 3802 765 3891 ζῷα
779 3796 995 3889 κατασφάξας
1008 3791 1129 3884 διφῆφὲ
1145 3818 1207 3877 τε,
1218 3794 1282 3857 κοδι
