3134 4367
305 426 344 488 78
704 424 854 486 TPITON

309 598 371 688 γάρ
391 623 441 677 τις
461 592 550 688 αὐτῷ
569 600 636 664 τῶν
654 591 719 664 ἀπὸ
740 602 801 664 τοῦ
817 592 973 688 Σεεήρου
996 592 1256 684 ἀφικνουμένων

305 699 411 780 άλλως
425 699 580 790 προσῄει,
596 704 627 767 εί
641 695 685 786 μή
700 697 862 787 πρότερον
876 695 1081 787 ἀποθέμενος
1094 692 1178 786 ὅπερ
1193 722 1256 768 πε-

306 805 446 894 ριέκειτο
461 805 555 890 ξίφος
568 801 821 891 στρατιωτικόν,
836 804 1060 891 ἐρευνηθῆναι
1080 799 1125 890 μή
1137 828 1170 871 τι
1191 803 1256 889 φέ-

261 923 292 976 ’8
306 934 360 996 ροι
378 901 444 974 ὑπὸ
463 905 598 974 κόλπον.
651 899 696 985 ὥς
709 900 741 972 δ’
757 894 820 972 οὑν
839 901 1001 993 ἀφίκοντο
1016 910 1051 973 οί
1067 910 1127 974 τοῦ
1142 902 1256 992 Σεεή-

304 1036 366 1100 ρον
380 1004 627 1097 ἀγγελιαφόροι,
636 1006 676 1075 τά
690 1033 724 1075 τε
738 1006 910 1095 γράμματα
921 1012 1062 1098 δημοσίᾳ
1072 1004 1254 1087 ἀποδόντες
1271 1034 1284 1076 ε

301 1108 420 1200 ήξίουν
433 1108 535 1180 αὑτόν
546 1106 732 1178 ἀποστάντα
741 1112 922 1180 ἐπακοῦσαι
931 1116 1034 1180 τινοῖν
1043 1107 1253 1199 ἀπορρήτων,

301 1211 512 1295 ὑποπτεύσας
525 1209 542 1281 ὁ
561 1209 709 1300 Ἀλβῖνος
723 1219 960 1301 συλληφθῆναι
973 1210 1103 1283 κελεύει
1118 1208 1253 1300 αότοάς,

302 1323 372 1409 ἰδίᾳ
399 1344 435 1385 τε
461 1321 640 1404 βασανίσας
660 1320 769 1384 πάσαν
789 1316 955 1403 μανθάνει
979 1315 1040 1404 τήν
1059 1315 1253 1405 ἐπιβουλήν.

303 1422 359 1490 καλ
373 1417 450 1500 τοὺς
463 1419 524 1507 μὲν
543 1417 687 1506 κολάζει,
708 1415 809 1498 αὐτὸς
830 1419 867 1488 δέ
887 1416 950 1508 ήδη
965 1415 1009 1499 ὑς
1026 1416 1110 1508 πρός
1132 1414 1253 1506 όμολο-

273 1521 470 1611 θγοάμενον
483 1520 606 1612 ἐχθρὸν
618 1519 888 1611 παρεσκευάζετο.
937 1517 1039 1612 γνοὺς
1059 1521 1096 1591 δὲ
1116 1517 1252 1590 ταῦταὸ
1270 1544 1293 1585 ιι

302 1631 469 1714 Σευῆρος,
484 1627 540 1694 καὶ
554 1624 660 1695 πάντα
673 1624 735 1713 μὲν
749 1624 905 1713 ἐκθόμως
918 1624 1081 1714 πράττων,
1098 1621 1200 1714 όργής
1215 1624 1253 1693 δέ

301 1725 410 1819 ήττων
423 1722 472 1797 τόν
486 1728 604 1817 φάσει,
620 1725 732 1798 οὐκέτι
748 1726 810 1817 τήν
825 1734 952 1819 ἐχθραν
965 1734 1146 1817 ἔκρυπτεν,
1168 1723 1252 1796 ἀλλά

301 1832 505 1919 συγκαλέσας
522 1837 590 1901 πάν
608 1830 645 1901 τό
665 1828 901 1920 στρατιωτικόν
921 1833 1009 1913 ἔλεξε
1026 1828 1109 1917 πρός
1128 1826 1253 1910 αὑτοὺς

300 1934 420 2003 τοιάδε.

397 2031 499 2124 ’μήτε
517 2032 708 2124 κουφότητά
725 2062 774 2115 τις
791 2030 813 2123 ή
831 2033 1007 2122 μετάνοιαν
1027 2036 1081 2103 ἐπὶ
1100 2050 1172 2115 τοῖς
1190 2062 1250 2105 πε·
1268 2056 1291 2097 1⁵

301 2140 501 2227 πραγμένοις
512 2131 592 2224 ήμίν
605 2138 792 2225 ἐγκαλείτω,
801 2134 877 2226 μήτ’
893 2134 1031 2206 άπιστον
1041 2133 1062 2226 ή
1073 2134 1251 2227 ἀγνώμονα

271 2238 386 2331 ἀπρός
413 2237 473 2309 τὸν
494 2242 697 2327 νομισθέντα
719 2246 821 2329 φίλον
843 2236 1001 2329 ἡγείσθω.
1039 2239 1079 2309 τά
1105 2239 1250 2329 μὲνγὰρ

300 2340 380 2434 παρ’
400 2339 494 2432 ήμῶν
509 2341 615 2412 πάντα
635 2339 780 2432 ὑπῆρξεν
800 2340 906 2437 αὑτῷ,
926 2350 1062 2433 βεβαίας
1080 2350 1251 2431 βασιλείας

300 2454 477 2539 κοινωνίη,
490 2440 681 2534 πράγματος
695 2438 737 2516 οὑ
750 2445 845 2534 μόλις
858 2474 906 2527 τις
925 2448 981 2529 καὶ
995 2443 1153 2534 ἀδελφοῖς
1166 2475 1249 2535 γνη-

300 2556 384 2631 σίοις
397 2554 633 2639 μεταδίδωσιν·
649 2545 669 2619 δ
683 2549 720 2619 δέ
740 2552 811 2637 ἐμοὶ
823 2549 914 2642 μόνφ
928 2545 1022 2638 ὑμεῖς
1041 2550 1248 2640 έχειροτονή-
1265 2568 1290 2609 ²⁰

300 2674 393 2741 σατε,
415 2647 509 2723 τοῦτ’
531 2649 596 2741 ἐγά
620 2651 703 2745 πρός
723 2657 851 2723 ἐκεῖνον
875 2652 1063 2741 ἐνειμάμην.
1094 2652 1249 2741 μεγάλων

298 2757 336 2826 τέ
348 2783 404 2846 μοι
416 2764 663 2826 κατατεθεισάν
677 2760 710 2837 ές
719 2753 824 2826 αὑτὸν
838 2752 1039 2844 εὐεργεσιῶν
1051 2751 1249 2845 ἀχαρίστους
1272 2743 1275 2750 ’

269 2856 359 2939 3τάς
377 2854 515 2948 ἀμοιβάς
531 2854 679 2946 Ἀλβῖνος
698 2855 913 2927 ἀποδίδωσιν.
965 2854 1049 2928 ὅπλα
1069 2860 1126 2928 καὶ
1147 2879 1248 2949 στρα-

298 2957 358 3030 τὸν
377 2956 432 3049 ἐφ’
458 2955 542 3048 ἡμᾶς
567 2960 817 3047 συσκευάζεται,
837 2960 1089 3049 καταφρονήσας
1108 2961 1172 3050 μὲν
1190 2967 1247 3050 τής

297 3058 457 3152 ὑμετέρας
471 3058 636 3151 ἀνδρείας,
644 3059 807 3151 ἀμελήσας
817 3062 854 3131 δὲ
863 3069 920 3151 τής
932 3061 1014 3154 πρὸς
1027 3064 1084 3153 ἐμὲ
1093 3071 1243 3151 πίστεως,
1260 3089 1285 3129 ιε

298 3162 453 3258 ἀπλήστῳ
473 3192 510 3234 τε
529 3166 693 3259 ἐπιθυμίᾳ
712 3164 916 3254 βουλόμενος
934 3174 1050 3256 λαβεῖν
1069 3165 1150 3255 μετὰ
1172 3194 1246 3236 κιν-

298 3265 413 3335 δὺνων
435 3257 476 3337 οὑ
498 3265 536 3337 τὸ
558 3270 655 3356 με’ρος
676 3267 763 3356 εἶχεν
785 3264 867 3337 ἀνευ
887 3271 1033 3357 πολέμου
1053 3270 1110 3338 καὶ
1130 3269 1244 3359 μάχης,

298 3364 376 3439 οὑτε
393 3368 496 3452 θεοὺς
521 3376 704 3458 αἰδεσθείς,
732 3366 791 3454 οὑς
818 3370 975 3455 πολλάκις
1000 3369 1147 3461 ὤμοσεν,
1168 3368 1245 3442 οὔτε

297 3478 365 3542 τῶν
381 3469 551 3563 ὑμετέρων
563 3474 719 3563 καμάτων
732 3473 945 3564 φεισάμενος,
960 3471 1018 3556 οὑς
1028 3474 1109 3564 μετὰ
1122 3474 1244 3546 τοσαό-

265 3596 283 3651 4
296 3605 353 3666 της
366 3575 462 3665 δόξης
474 3604 510 3646 τε
522 3577 578 3646 καὶ
592 3574 708 3669 ἀρετής
729 3574 814 3668 ὑπὲρ
831 3573 925 3667 ήμῶν
943 3579 1087 3668 ἐκάμετε.
1124 3582 1162 3649 έν
1179 3576 1242 3669 γάρ
1258 3606 1282 3647 α

295 3675 344 3762 οἷς
356 3678 616 3770 κατωρθώσατε,
630 3678 780 3763 κάκεῖνος
794 3679 832 3751 τὸ
844 3683 942 3771 μέρος
954 3684 1154 3772 ἐκαρποῦτο·
1169 3687 1245 3769 ἔσχε

289 3780 328 3851 δ’
340 3780 387 3855 ἀν
402 3812 435 3855 τι
445 3785 503 3855 καὶ
517 3792 644 3876 μεῖζον,
659 3791 690 3855 εί
707 3787 763 3856 καὶ
776 3783 813 3856 τὸ
833 3782 950 3854 πιστὸν
962 3784 1085 3876 ἐτήρει,
1106 3791 1163 3875 τῆς
1178 3780 1242 3873 ἀμ
