3134 4367
698 449 848 534 τριτον
1206 444 1246 503 οο

204 663 205 674 1
284 620 427 710 σάμενος
440 615 525 706 πρὸς
538 617 617 699 τοὺς
630 618 840 709 βαρβάρους,
858 615 938 699 δυάς
951 646 987 687 τε
1005 618 1142 708 εἰρήνην
1156 591 1196 689 ἠά
1209 647 1243 689 τε

284 721 385 793 πιστά
411 722 543 810 λαβών,
570 722 657 813 ἐξήει
682 750 718 791 τε
741 728 801 809 τής
823 722 999 813 βαρβάρου
1021 723 1103 809 πρός
1126 750 1162 792 τε
1185 721 1244 793 τόν

284 824 437 913 άδελφδν
450 822 515 914 ήδη
530 827 587 894 καὶ
605 823 668 915 τήν
688 827 813 915 μητέρα
833 822 1001 914 ἠπείγετο.
1038 821 1083 906 οδς
1105 825 1143 895 δέ
1160 824 1244 896 κατὰ

284 928 319 999 τδ
333 926 417 999 αὐτὸ
433 930 600 1016 ἐγένοντο,
617 928 780 1017 συνάγειν
797 925 923 1009 αὐτοὺς
936 925 957 1017 ή
971 927 1078 1017 μήτηρ
1092 931 1244 1014 ἐπειρᾶτο

260 1066 271 1105 ε
285 1035 390 1102 καλοί
401 1035 440 1101 ἐν
457 1028 590 1114 ἀξιώσει
604 1029 701 1112 ὅντες
713 1033 770 1102 καὶ
791 1031 952 1121 σύνεδροι
972 1038 1121 1123 πατρῷοι
1141 1038 1244 1120 φίλοι.

285 1133 301 1205 ὃ
315 1137 352 1206 δὲ
364 1132 573 1222 Ἀντωνῖνος,
593 1136 728 1205 πάντων
741 1129 834 1226 αὐτῷ
848 1133 932 1224 πρὸς
945 1129 967 1204 ά
975 1135 1131 1223 ἐβούλετο
1145 1137 1245 1203 ἐυαν-
1258 1147 1274 1202 7

285 1240 488 1326 τιουμένωυ,
503 1234 633 1327 ἀνάγκη
647 1245 776 1327 μάλλον
792 1232 944 1328 ἠγνιόμη
959 1231 992 1319 ἐς
1013 1234 1174 1326 ὁμόνοιαν
1190 1240 1247 1305 καὶ

285 1348 402 1428 φιλίαν
416 1342 617 1411 ἐπίπλαστον
629 1348 756 1428 μᾶλλον
776 1335 925 1430 ἠάληθή
943 1341 1127 1429 περιήγετο.
1158 1338 1247 1410 οὕτω

285 1444 325 1532 δή
341 1441 384 1513 τά
404 1450 463 1531 τής
482 1450 653 1531 βασιλείας
677 1441 862 1532 ἀμφότεροι
882 1450 1089 1525 διοικοῦντες
1109 1447 1147 1514 έν
1166 1441 1247 1533 δμο-

256 1569 273 1609 ιο
286 1554 369 1639 τίμῳ
396 1543 482 1635 άρχή
501 1542 627 1634 άπάραι
647 1554 705 1634 τής
725 1554 926 1635 Βρεττανίας
947 1543 1136 1636 ἠθέλησαν,
1156 1554 1189 1628 ἐς
1211 1576 1246 1617 τε

285 1648 345 1738 τήν
359 1647 488 1736 Ῥώμην
504 1646 681 1739 ἠπείγοντο
699 1655 889 1738 κομίζοντες
904 1646 944 1718 τά
958 1657 1019 1717 τοῦ
1032 1648 1157 1738 πατρὸς
1177 1657 1248 1719 λεί-

286 1769 391 1829 υανα·
407 1750 444 1820 τό
460 1745 524 1839 γάρ
539 1753 706 1841 σωμάτιον
718 1754 804 1841 πυρὶ
817 1751 1042 1839 παραδόντες,
1063 1752 1125 1840 τήν
1138 1781 1174 1821 τε
1188 1754 1246 1823 κό-

286 1884 339 1925 νιν
352 1853 420 1925 σδν
431 1851 603 1943 άρωμασιν
617 1859 651 1937 ές
665 1855 797 1944 κάλπην
812 1852 1023 1943 άλαβάστρου
1037 1854 1246 1945 ἐμβαλόντες,

248 1988 250 1992 ’
286 1957 486 2047 ἀπεκόμιζον
500 1961 534 2039 ἐς
554 1959 616 2047 τήν
632 1955 774 2048 Ῥώμην,
797 1963 830 2039 ἐς
846 1957 886 2027 τά
902 1965 1054 2084 βασίλεια
1066 1955 1247 2085 άπρθησό-

256 2091 273 2129 ιτ
287 2089 380 2149 μενοι
395 2060 470 2149 ίερδι
485 2062 648 2186 μνήματα.
701 2059 799 2133 αὐτοὶ
819 2060 911 2132 δὲ
878 2090 938 2131 τον
958 2060 1100 2153 στρατὸν
1120 2059 1274 2137 άναλα-ε

287 2166 401 2253 βάντες
415 2165 596 2258 νικηφόροι
610 2166 651 2254 δή
666 2194 751 2235 κατα
737 2165 961 2290 Βρεττανων
974 2163 1055 2246 ἐς
1021 2193 1083 2254 την
1099 2162 1246 2237 άντικει-

286 2270 391 2357 μένην
403 2274 553 2341 Γαλλίαν
561 2267 807 2360 ,διαβάντες
773 2297 833 2339 τον
847 2265 1009 2356 ωκεανόυ,
1024 2265 1195 2356 ἀφίκοντο.

387 2397 480 2452 οπως
493 2375 555 2461 μὲν
569 2372 612 2462 δή
627 2380 777 2498 Σεεήρος
791 2370 850 2443 τδυ
864 2379 941 2459 βίον
955 2372 1249 2461 μετήλλαξεκαοί

287 2480 403 2554 παῖδες
425 2477 517 2573 αὐτῷ
544 2479 606 2569 τήν
628 2473 733 2564 ἀρχήν
756 2477 1005 2562 διεδέξαντο,έ
1005 2503 1026 2543 ν
1051 2481 1098 2566 τῷ
1125 2480 1246 2566 βιβλίῳ

254 2606 275 2646 ιο
289 2580 395 2671 τούτῳ
411 2582 605 2674 δεδήλωται.

437 2896 713 2964 ΒΙΒΛΙΟΝ
754 2889 1096 2955 ΤΕΤΑΡΤΟΝ.

253 3130 275 3169 π
396 3095 446 3167 Τά
472 3098 533 3186 μὲν
559 3092 602 3183 δή
629 3096 821 3184 πραχθέντα
836 3089 983 3217 Σεεήρρι
1008 3086 1245 3176 βασιλεύσαντι

288 3203 517 3275 ὀκτωκαίδεκα
531 3206 640 3270 ἔτεσιν
659 3202 761 3290 ἐντῷ
780 3192 846 3283 πρό
866 3195 987 3263 τούτου
1004 3196 1111 3314 βιβλί
1100 3218 1125 3258 ω
1144 3192 1245 3279 δεδή-

288 3316 410 3377 λωται
425 3309 462 3374 οί
473 3304 565 3373 δὲ
526 3317 611 3382 υιεις
626 3297 750 3387 αὐτου,
766 3295 831 3386 ήδη
845 3305 994 3381 νεανίαι,
1010 3268 1077 3418 άρα
1091 3321 1131 3383 τη
1117 3296 1245 3383 μητρί

289 3415 322 3491 ἐς
342 3409 407 3497 τήν
424 3404 551 3495 Ρωμην
572 3402 766 3528 ἠπείγοντο,
788 3398 852 3490 ήδη
879 3427 940 3524 μευ
965 3396 1049 3468 κατά
1076 3395 1137 3484 τήν
1163 3394 1246 3466 ὁδὸν

290 3511 517 3595 στασιάζοντες
537 3504 621 3595 πρός
642 3502 815 3593 ἀλλήλους.
857 3500 935 3573 οάτε
955 3499 1019 3590 γάρ
1040 3515 1247 3587 καταγωγαῖς

252 3641 276 3681 υ
291 3632 361 3698 ταῖς
387 3610 505 3693 αὐταῖς
530 3616 674 3700 ἐχρῶντο
708 3606 787 3678 οὔτε
811 3612 1049 3676 συνειστιῶντο
1075 3601 1244 3690 άλλήλοις·

290 3715 377 3790 πολὺ
392 3718 431 3788 δὲ
443 3715 481 3787 τό
501 3712 653 3785 ὕποπτον
673 3715 709 3782 ἐν
729 3708 854 3781 άπασιν
873 3711 1033 3797 έδέσμασί
1049 3734 1084 3775 τε
1105 3707 1161 3773 καὶ
1182 3702 1245 3769 πό-

291 3844 388 3912 μασι,
410 3819 456 3909 μή
475 3846 524 3899 τις
541 3813 655 3887 αάταλν
679 3810 862 3908 προλαβών
882 3814 942 3887 καὶ
968 3810 1110 3893 λαβὼν,
1127 3802 1276 3893 ’412th

1083 3923 1176 3992 ΤΕ.
