3134 4367
633 437 850 496 ΕΒΔΟΜΟΝ
1158 437 1218 500 169

248 612 330 677 Ιτῶν
344 604 547 695 κρειττόνων
560 608 616 675 καὶ
630 603 873 693 εὐτυχούντων.
901 608 974 676 ἐπεὶ
987 608 1025 678 δδ
1037 604 1055 678 ὁ
1069 611 1219 697 Μαξιμῖ-

257 738 319 792 νος
332 710 411 793 τούς
426 715 600 791 πλείστους
612 716 681 786 τῶν
695 708 841 791 ἐνδόξων
853 719 957 779 οίκων
975 713 1008 792 ἐς
1022 718 1141 782 πενίαν
1157 740 1219 784 πε-

259 813 437 905 ριστησας,
453 809 474 882 ά
488 809 531 902 δὴ
543 811 645 905 μικρά
657 815 713 884 καὶ
727 809 825 902 ὀλίγα
847 808 921 883 οὐδ’
939 810 1090 905 αὐτάρκη
1102 820 1142 905 τῇ
1155 813 1219 887 αὑ-

258 924 322 987 τοῦ
337 916 496 1007 βουλήσει
510 914 609 1011 ᾤετο,
623 924 791 1005 μετῆλθεν
808 917 862 985 ἐπὶ
882 912 923 986 τά
937 916 1096 1006 δημόσια,
1113 921 1170 988 καὶ
1189 930 1224 990 εἴ

261 1048 338 1090 τινα
358 1012 404 1108 ἦν
416 1017 565 1110 χρήματα
579 1017 730 1090 πολιτικά
750 1022 783 1101 ἐς
804 1015 1007 1108 εὐθηνίαςῆ
1027 1018 1132 1109 νομάς
1153 1029 1221 1092 τῶν

261 1128 419 1212 δημοτῶν
442 1121 664 1214 ἀθροιζόμενα
684 1133 750 1193 είτε
774 1118 970 1214 θεάτροιςῆ
991 1122 1221 1213 πανηγύρεσιν

261 1223 483 1317 άνακείμενα,
506 1230 539 1309 ἐς
558 1225 679 1296 ἑαυτὸν
697 1233 835 1316 μετῆγε,
853 1235 947 1297 ναῶν
966 1254 1001 1296 τε
1023 1224 1221 1317 άναθήματα

260 1335 357 1399 θεῶν
378 1357 414 1400 τε
436 1330 608 1421 άγάλματα
629 1332 686 1400 καὶ
707 1326 829 1419 ηρῶων
850 1329 961 1419 τιμάς,
981 1333 1039 1401 καὶ
1060 1341 1095 1401 εί
1112 1360 1162 1413 τις
1178 1321 1222 1419 ἦν

260 1432 386 1522 κόσμος
400 1438 564 1525 δημοσίου
579 1440 680 1523 ἔργον
698 1429 949 1523 ἢκαλλῶπισμα
967 1435 1094 1514 πόλεως
1112 1430 1135 1523 ἢ
1155 1431 1220 1524 ὕλη

262 1536 408 1626 νόμισμα
422 1545 557 1625 ποιῆσαι
572 1538 760 1626 δυναμένη,
774 1543 843 1605 πάν
855 1536 1046 1625 ἐχωνεύετο.
1066 1534 1148 1627 ὅπερ
1161 1541 1219 1608 καὶ
1233 1551 1250 1607 6

260 1638 403 1729 μάλιστα
424 1640 503 1722 τοὺς
523 1640 650 1729 δήμους
669 1640 831 1728 ἐλύπησε,
856 1642 981 1719 πένθος
1000 1658 1036 1710 τε
1059 1640 1221 1730 δημόσιον

261 1746 407 1815 ίτεποίει
421 1750 496 1833 δίχα
509 1744 613 1832 μάχης
626 1746 682 1813 καὶ
696 1739 779 1813 άνευ
799 1738 914 1813 ὅπλων
928 1739 1004 1826 ὄψις
1016 1751 1220 1833 πολιορκίας,
1282 1813 1286 1818 .

261 1842 307 1927 ῶς
321 1874 414 1929 τινας
427 1855 496 1917 τῶν
510 1853 664 1936 δημοτῶν
677 1848 734 1916 καί
747 1862 858 1935 χεῖρας
872 1842 1061 1919 ιἰνατείνειν
1073 1850 1130 1917 καὶ
1142 1846 1221 1931 τούς

259 1947 347 2030 νεῶς
368 1966 548 2042 φρουρεῖν,
572 1954 708 2039 ἑτοίμως
726 1978 762 2021 τε
783 1956 873 2038 ἔχειν
898 1948 1062 2040 πρότερον
1083 1947 1221 2040 άνοιιρε-

261 2056 386 2134 θέντας
406 2052 470 2145 πρὸ
485 2061 554 2124 τῶν
573 2060 697 2143 βωμῶν
715 2070 831 2124 πεσεῖν
850 2048 872 2142 ἢ
891 2062 998 2123 σκῦλα
1017 2060 1086 2123 τῶν
1099 2061 1220 2144 πατρί-

260 2162 333 2227 δων
347 2161 442 2227 ίδεῖν.
472 2160 634 2228 ἐντεῦθεν
652 2155 694 2244 δὴ
714 2160 771 2228 καὶ
790 2157 930 2246 μάλιστα
949 2157 1032 2227 κατά
1052 2184 1088 2226 τε
1107 2154 1221 2239 πόλεις

259 2258 416 2331 καὶκατὰ
429 2267 515 2350 ἔθνη
529 2266 715 2331 διοίδαινον
733 2268 802 2331 τῶν
814 2257 923 2349 όχλων
936 2267 974 2330 αί
990 2268 1104 2348 ψυχαί.
1132 2257 1220 2350 άπη-

260 2363 422 2454 ρίσκοντό
450 2392 486 2433 τε
513 2366 628 2433 καλοί
652 2371 849 2455 στρατιῶται
872 2378 941 2445 τοῖς
968 2365 1218 2453 πραττομένοις,

259 2463 494 2551 ὀνειδιζόντων
506 2464 620 2547 αὐτοῖς
632 2468 828 2557 ἐπιφθόνως
840 2473 1016 2555 συγγενῶν
1035 2493 1071 2535 τε
1090 2468 1148 2535 καὶ
1168 2472 1219 2535 οί-

259 2576 365 2641 κείων
383 2566 428 2651 ῶς
448 2569 489 2659 δὴ
505 2567 551 2640 δι’
567 2566 691 2653 αὐτούς
711 2578 815 2641 ταῦτα
835 2569 1037 2659 πράττοντος
1057 2575 1118 2637 τοῦ
1138 2576 1219 2637 Μα-

258 2676 403 2763 ξιμίνου.

363 2783 466 2846 αίτίαι
480 2776 542 2864 μὲν
560 2772 602 2865 δὴ
615 2780 783 2862 τοιαῦται,
798 2768 872 2843 ούτι
885 2800 925 2862 γε
938 2769 1064 2861 άλογοι,
1077 2778 1110 2855 ἐς
1123 2789 1217 2863 μῖσος
1232 2787 1252 2847 4

257 2881 317 2951 καί
336 2876 520 2949 άπόσταοιν
537 2879 616 2961 τούς
636 2876 756 2966 όχλους
780 2876 996 2969 παρώξυνον·
1022 2879 1079 2947 καὶ
1099 2877 1220 2960 πάντες

258 2983 321 3073 μὲν
336 2979 475 3070 εὔχοντο
488 2984 544 3051 καὶ
558 2980 662 3063 θεούς
676 2979 755 3061 τοὺς
768 2978 1011 3069 ἀδικουμένους
1023 2980 1218 3070 ἐπεκάλουν,

259 3084 427 3174 ἄρξασθαι
443 3088 481 3156 δὲ
494 3082 606 3167 οὐδεὶς
619 3084 749 3172 ἐτόλμα,
760 3089 834 3154 ἔστε
846 3086 1146 3173 συμπληρουμένης
1154 3082 1220 3154 αύ-

257 3195 305 3283 τῷ
319 3196 471 3280 τριετοῦς
490 3196 659 3277 βασιλείας
679 3189 715 3256 ἐκ
738 3194 859 3278 μικράς
877 3189 935 3257 καὶ
955 3183 1112 3268 εὐτελοῦς
1131 3214 1218 3278 προ-

251 3291 417 3382 φάσεως,
426 3287 481 3361 οἷα
494 3297 695 3381 τυραννίδος
709 3289 895 3379 σφάλματα,
907 3296 1034 3379 πρῶτοι
1047 3287 1133 3361 ὅπλα
1148 3293 1218 3361 ἐκί-

256 3418 367 3487 νησαν
387 3403 421 3475 ἒς
438 3422 474 3465 τε
493 3392 674 3464 ἀπόστασιν
695 3390 868 3474 εὐσταθῶς
887 3390 1046 3481 ῶρμηοαν
1058 3401 1267 3491 Λίβυες,χχ,ξζ

258 3502 414 3583 ίξαίτίας
426 3502 569 3568 τοιάσδε.
620 3495 824 3585 ἐπετρόπευέ
838 3524 886 3576 τις
907 3503 964 3584 της
983 3503 1248 3586 Καρχηδουίαςλ

257 3602 369 3691 χώρας
380 3600 582 3690 τραχύτατα,
597 3600 654 3669 καὶ
665 3590 749 3689 μετά
768 3599 876 3691 πάσης
897 3596 1070 3691 ὠμότητος
1087 3602 1234 3667 καταδι-

248 3730 312 3781 κας
323 3730 361 3771 τε
370 3706 515 3794 ἐποιεῖτο
527 3706 588 3775 καί
596 3701 788 3797 χρημάτων
811 3707 1026 3800 εἰσπράξεις,
1042 3698 1268 3807 mmm}

246 3797 432 3887 εὐδοκιμεῖν
441 3805 540 3900 παρά
559 3816 609 3907 τῷ
621 3816 838 3917 Μαξιμίυηο.
873 3813 1020 3897 ἐκεῖνός
1042 3833 1085 3877 τε
1105 3798 1207 3889 γάρ,
1225 3810 1300 3861 ονε
