3134 4367
572 446 929 513 zTPATm02,AA.
1193 453 1235 514 4⁷

269 617 503 708 άντιμετάγειν
513 626 545 691 εί
554 623 623 690 δέοι
635 619 746 709 λόχον,
758 620 942 711 ἐπαμύνειν
955 637 1025 703 τοῖς
1037 621 1235 713 κάμνουσιν,

270 727 482 811 προορᾶσθαι
494 720 555 792 τὸν
567 723 703 814 καιρόν,
716 722 779 811 τὴν
793 721 901 814 ὥραν,
915 724 953 794 τὸ
968 727 1100 814 μέλλον.

576 1041 843 1113 ΚΕΦΑΛΑΙΟΝ
869 1042 935 1115 ΛΔ.
1246 1058 1295 1112 10³

308 1191 410 1249 [ΠΕΡΙ
427 1189 503 1240 ΤΟΤ
521 1190 759 1242 ΕΤΕΡΓΕΤΕῙΝ
775 1191 875 1241 ΚΑΤΑ
892 1191 940 1242 ΤΟ
958 1190 1112 1243 ΜΕΤΡΟΝ
1128 1189 1204 1243 ENA

425 1273 602 1325 ΕΚΑΣΤΟΝ
619 1273 695 1327 ΤΩΝ
711 1273 1086 1335 ΑΝΔΡΑΓΑΘΟΥΝΤΩΝ.]

327 1440 354 1498 1.
372 1426 675 1517 Ἀνακαλεσάμενος
701 1426 735 1498 δ’
763 1433 803 1500 ἐκ
820 1434 879 1518 τῆς
898 1429 1002 1519 μάχης
1021 1434 1155 1520 πρῶτον
1174 1430 1238 1519 μδν

273 1530 463 1601 ἀποδιδότω
477 1547 545 1611 τοῖς
559 1543 653 1613 θεοῖς
666 1537 790 1612 θυσιάς
810 1534 866 1601 καὶ
880 1533 1030 1622 πομπάς,
1052 1528 1105 1613 αἷς
1120 1537 1158 1603 ἐκ
1177 1537 1239 1603 τού

274 1641 394 1723 καιροῦ
415 1640 563 1724 χρῆσθαι
575 1633 752 1723 πάρεστιν,
777 1632 817 1702 τά
831 1634 1029 1724 νομιζόμενα
1042 1635 1237 1724 χαριστήρια

274 1736 356 1826 μετά
371 1735 433 1826 τὴν
444 1741 505 1806 τοῦ
517 1738 664 1824 πολέμου
678 1741 825 1825 παντελῆ
841 1744 940 1825 νίκην
955 1736 1238 1825 ἐπαγγελλόμενος

275 1837 483 1909 ἀποδώσειν·
506 1847 620 1909 ἔπειτα
641 1836 719 1919 τούς
732 1838 795 1927 μὲν
808 1836 963 1928 ἀρίστους
987 1844 1024 1909 ἐν
1037 1855 1106 1919 τοῖς
1120 1837 1237 1910 κινδύ-

275 1969 347 2021 νοις
361 1945 599 2024 ἐξετασθέντας
612 1940 737 2030 τιμάτω
753 1947 894 2031 δωρεαῖς
907 1943 964 2012 καὶ
977 1959 1097 2031 τιμαῖς,
1114 1938 1166 2022 αίς
1180 1940 1237 2011 νό-

275 2072 354 2134 μος,
376 2043 454 2123 τούς
478 2043 514 2113 δὲ
529 2041 653 2123 κακούς
667 2047 836 2132 φανέντας
849 2047 1020 2129 κολαζέτω.
1048 2054 1077 2115 2.
1097 2046 1188 2132 τιμαὶ
1203 2040 1236 2113 δ’
1249 2064 1297 2117 104
1353 2106 1358 2113 .

275 2156 426 2219 ἔστωσαν
446 2146 509 2234 μὲν
527 2149 583 2216 καὶ
604 2151 641 2215 οιί
651 2144 735 2216 κατά
749 2144 790 2215 τά
802 2145 925 2235 πάτρια
939 2149 995 2217 καί
1012 2147 1084 2209 κατά
1101 2144 1141 2215 τά
1154 2142 1238 2236 παρ’

276 2248 426 2329 ἑκάστοις
439 2247 580 2337 νόμιμα·
595 2250 811 2338 στρατηγικοὶ
821 2245 854 2317 δ’
869 2240 968 2318 αὗται
978 2255 1171 2333 πανοπλίαι,
1180 2246 1238 2317 κό-

276 2372 370 2441 σμοι,
384 2350 548 2440 λαφύρων
565 2346 691 2435 δόσεις,
708 2357 1024 2438 πεντηκονταρχίαι,
1039 2350 1237 2439 ἕκατονταρ·

276 2462 363 2543 χίαι,
385 2461 553 2542 λοχαγίαι,
580 2451 705 2535 τάξεων
732 2448 934 2541 άφηγήσεις,
958 2453 1014 2521 καὶ
1034 2456 1071 2519 αἱ
1088 2449 1185 2521 άλλαι
1205 2456 1243 2520 αί

276 2556 361 2627 κατά
377 2555 501 2643 νόμους
513 2553 595 2646 παρ’
617 2553 765 2635 ἑκάστοις
777 2549 968 2643 ἡγεμονίαι·
988 2558 1057 2622 τάν
1070 2554 1132 2641 μὲν
1145 2558 1238 2622 ίδιω-

276 2664 345 2729 τῶν
359 2674 429 2739 τοῖς
442 2656 742 2747 άυδραγαθήσασιυ
760 2662 799 2726 αί
809 2655 927 2747 ἥττους
941 2660 1103 2743 ἐξουσίαι,
1119 2660 1187 2725 τόν
1201 2652 1236 2724 δ’

277 2760 454 2852 ἡγεμόνων
474 2778 544 2843 τοῖς
563 2759 804 2852 άριστεύσαστν
830 2766 868 2830 αί
891 2768 1021 2849 μειζους
1047 2755 1238 2847 ἡγεμονίαι·
1265 2757 1267 2760 ’

278 2856 378 2935 αὗται
393 2863 459 2953 γάρ
473 2863 614 2954 άμοιβαί
621 2879 665 2934 ’τε
685 2862 911 2953 μεγαλόψυχοι
931 2878 1001 2942 τοῖς
1020 2859 1084 2951 ἤδη
1106 2858 1144 2930 τὸ
1159 2886 1237 2949 γεν-

278 2984 377 3038 ναῖον
411 2968 641 3057 εἰργασμένοις
666 2974 856 3057 προτροπαί
886 2993 923 3035 τε
955 2961 1135 3053 άναγκαῖαι
1170 2978 1240 3042 τοῖς

277 3076 346 3141 των
358 3065 473 3140 αὐτῶν
485 3074 720 3159 ἐπιθυμοῦσιν.
736 3080 765 3141 3.
778 3068 865 3139 ὅπου
877 3069 915 3138 δὲ
922 3064 999 3156 τιμὴ
1008 3067 1071 3156 μὲν
1079 3063 1238 3136 άποδίδο-
1250 3086 1299 3140 105

277 3202 331 3244 ται
352 3188 422 3255 τοῖς
441 3170 601 3262 άγαθοῖς,
624 3178 767 3263 τιμωρία
792 3170 825 3242 δ’
850 3168 891 3243 ού
904 3172 1158 3259 παραπέμπεται
1171 3174 1241 3239 τάν

277 3281 402 3363 κακῶν,
417 3280 567 3346 ἐνταῦθα
582 3274 685 3356 καλάς
699 3280 836 3355 ἐλπίδας
847 3283 936 3363 ἔχειν
948 3272 1076 3362 άνάγκη
1090 3269 1127 3341 τὸ
1140 3291 1239 3360 στρα-

278 3380 439 3449 τόπεδον·
465 3384 501 3448 οί
519 3378 582 3467 μδν
601 3376 908 3466 γάρέφοβήθησαν
920 3373 1123 3466 ἁμαρτάνειν
1129 3426 1140 3461 ,
1158 3380 1194 3444 οί
1205 3372 1239 3445 δ’

278 3480 567 3571 ἐφιλοτιμήθησαν
581 3476 822 3570 άυδραγαθεῖν.
837 3490 867 3549 4.
882 3487 967 3549 ἔνθα
982 3481 1094 3568 μέντοι
1107 3476 1169 3567 χρὴ
1184 3477 1258 3572 καὶΙ

204 3654 206 3659 ,
277 3590 426 3655 νικῶντα
439 3581 483 3672 μὴ
497 3581 572 3652 κατ’
585 3580 694 3670 άνδρα
708 3581 814 3670 μόνον
826 3579 967 3671 ἀμοιβάς
982 3585 1143 3666 ἐκτίνειν,
1158 3577 1242 3649 άλλά

277 3689 335 3757 καί
351 3692 398 3777 τῷ
413 3685 581 3774 σύμπαντι
594 3683 819 3776 στρατεύματι
839 3688 910 3754 τῶν
925 3682 1106 3751 κινδύνων
1123 3682 1271 3751 λαικασ-

264 3785 586 3861 πίανάποδιδόναι·
608 3788 651 3863 τά
667 3790 736 3886 γὰρ
762 3794 839 3863 τῶν
861 3793 1047 3876 πολεμίων
1071 3766 1307 3851 {mmm
