3134 4367
673 440 900 500 ΔΕΤΤΕΡΟΝ
1225 444 1264 506 63

301 638 355 693 τος
368 613 538 700 βασιλέως
551 610 815 737 προπομπεύειν,
826 610 944 702 ὀμόσαι
959 641 995 684 τε
1009 613 1087 697 ἐς
1055 644 1091 684 το
1106 615 1265 708 ΣευήρουΙ

300 711 426 803 ὄνομα,
440 717 498 784 καί
516 742 576 803 μετ
579 710 745 804 ’ἆγαθών
763 720 911 786 ἐλπίδων
929 714 1083 787 ἐλθεῖν
1061 747 1104 799 ως
1122 722 1263 809 μέλλον-

300 844 359 899 τας
375 816 436 887 τὸν
449 826 600 908 Σευῆρον
613 820 873 909 δορυφορήσειν.
926 821 1160 904 πιστεύσαντες
1174 822 1294 949 δη3
1231 828 1294 897 oca

301 928 501 1009 στρατιωται
526 937 592 1003 τοῖς
614 926 884 1011 ἐπεσταλμένοις,
912 927 1106 1003 πεισθέντες
1135 954 1171 994 τε
1194 924 1261 997 ὑπὸ

270 1031 371 1096 ετών
390 1025 671 1114 χιλιαρχούντων,
696 1025 736 1095 τὰ
754 1026 816 1114 μὲν
835 1023 921 1096 ὅπλα
947 1030 1125 1097 κατέλιπον
1144 1027 1262 1117 πάντα,

300 1124 398 1197 αύτοί
413 1128 451 1197 δὲ
465 1133 502 1198 ἐν
522 1126 640 1216 μόναις
653 1146 724 1210 ταῖς
743 1146 923 1217 πομπικαῖς
944 1134 1064 1219 ἐσθῆσι
1083 1136 1263 1220 δαφνηφο-

299 1240 441 1316 ροῦντες
454 1228 641 1320 ἠπείγοντο.
690 1229 734 1314 ώς
756 1232 794 1301 δέ
816 1230 898 1320 πρὸς
917 1237 1188 1327 τῷστρατοπέδῳ
1202 1242 1264 1304 τοῦ

300 1335 458 1423 Σεειήρου
486 1338 658 1423 ἐγένοντο,
677 1333 874 1462 ἦγγέλησύν
895 1364 931 1405 τε
953 1333 1152 1425 ἀφικόμενοι
1172 1341 1205 1420 ἐς
1224 1337 1261 1407 τὸ

304 1444 440 1526 πεδίον,
456 1434 562 1518 ούτως
582 1436 706 1519 αύτούς
727 1436 1112 1565 ὁΣευῆροςγιυνελθεῖν
1132 1440 1262 1510 κελεύει

258 1570 283 1609 ιο
301 1538 346 1622 ώς
360 1539 402 1630 δη
417 1491 655 1630 δεξιωσόμενος
669 1544 725 1611 καί
738 1543 1030 1632 προσαγορεύσων.
1053 1540 1097 1623 ώς
1111 1546 1148 1613 66
1162 1541 1261 1614 ἆνελ-
1274 1560 1292 1613 4

298 1644 409 1714 θόντα
422 1641 558 1714 αύτδνέ
542 1644 641 1714 ἐπὶ
609 1673 646 1713 το
657 1653 756 1771 βῆμα
760 1653 956 1739 προσῆλθον
970 1643 1241 1735 ὁμοθυμαδδν’
1205 1675 1263 1717 ευ-

299 1747 529 1836 φημήσοντες,
552 1748 673 1829 πάντες
693 1745 756 1837 ὑφ’
786 1750 837 1818 ενί
857 1749 1049 1837 συνθήματι
1069 1750 1262 1839 συλλαμβά-

298 1874 432 1921 νονται·
449 1859 627 1941 προείρητο
642 1850 751 1946 γὰρ
720 1859 766 1920 τώ
780 1859 841 1920 τού
856 1852 1012 1941 Σεεήρου
1025 1859 1165 1945 στρατῷ,
1177 1850 1262 1943 ὁπη-

299 1961 379 2023 νίκα
400 1949 444 2023 66
457 1962 581 2025 στῶσιν
604 1954 709 2036 ἐςτόν
723 1958 861 2044 βασιλεά
879 1952 1124 2052 ιἰποβλέγιοντες
1136 1960 1261 2045 μετέω-

257 2087 282 2128 ιε
269 2057 361 2147 ρόν
392 2084 429 2126 τε
455 2055 517 2182 τὴν
543 2057 680 2147 γνώμην
702 2065 847 2146 ἔχοντες,
876 2060 1114 2130 κυκλώσασθαι
1138 2057 1262 2141 αύτούς

298 2167 447 2253 πολεμίῳ
465 2161 575 2255 νόμῳ,
590 2163 647 2230 καί
662 2161 855 2252 τιτρώσκειν
876 2158 972 2251 μένῆ
991 2169 1103 2231 παίειν
1122 2165 1260 2252 μηδένα,

298 2267 454 2352 συνέχειν
475 2265 513 2333 66
531 2267 588 2334 καὶ
610 2281 774 2354 φρουρεῖν
795 2263 986 2354 φρύξαντας
1003 2269 1040 2335 ἐν
1060 2265 1173 2359 κύκλῳ
1193 2281 1261 2347 τοῖς

298 2362 431 2454 ὅπλοις,
445 2367 502 2447 τοὶς
518 2395 553 2437 τε
567 2374 717 2455 διβολίας
736 2370 793 2437 καὶ
813 2367 853 2437 τδι
872 2369 997 2458 δόρατα
1017 2338 1239 2457 ἐπισείείν,
1216 2397 1260 2450 ως

299 2471 368 2539 δέει
381 2476 444 2539 τού
458 2478 633 2561 τρωθῆναι
646 2479 774 2560 γυμνοί
792 2499 826 2540 τε
849 2470 932 2560 πρὸς
953 2469 1182 2559 ὡπλισμένους
1203 2473 1259 2539 καί

257 2614 282 2655 ,0
298 2570 408 2660 ὀλίγοι
428 2572 511 2664 πρὸς
530 2573 676 2655 πολλούς
695 2572 739 2661 μὴ
764 2574 929 2661 μάχοιντο.
983 2576 1055 2643 ἐπεὶ
1076 2574 1113 2641 δὲ
1134 2570 1288 2653 αύτούςὸ

298 2671 412 2766 ὥσπερ
439 2676 648 2765 σαγηνεύσας
675 2674 768 2757 ἐντὸς
794 2683 862 2745 τών
888 2672 1003 2745 ὅπλων
1026 2675 1260 2761 δορυαλώτους

298 2777 382 2867 εἶχε,
405 2779 534 2870 μεγύλη
557 2787 621 2869 βοῇ
641 2781 698 2849 καί
721 2784 902 2867 θυμοειδεῖ
920 2786 966 2871 τῷ
986 2778 1150 2867 πνεύματι
1170 2781 1259 2862 ἐλεξε

297 2881 381 2971 πρὸς
399 2879 524 2963 αύτούς
537 2883 660 2954 τοιοίδε.

395 2980 470 3056 “ὃ’τι
489 2987 551 3075 μὲν
570 2983 667 3075 ύμών
686 2988 742 3055 καὶ
762 2993 867 3077 σοφίᾳ
889 2992 1060 3074 κρείττους
1086 2986 1184 3074 ἐσμέν
1204 2988 1260 3055 καί

256 3124 282 3165 25
299 3087 444 3177 δννύμει
459 3097 603 3178 στρατοῦ
617 3092 673 3159 καὶ
687 3089 870 3178 συμμάχων
884 3090 1024 3177 πλήθει,
1041 3096 1128 3182 ἐργῳ
1142 3085 1257 3177 ὁρᾶτε·

297 3200 443 3281 είληφθε
456 3200 542 3281 γοῦν
555 3196 689 3285 ῥᾳδίως,
705 3196 760 3261 καί
775 3189 908 3263 ἀκονιτί
925 3221 962 3280 γε
983 3193 1159 3263 ἑαλώκατε.
1188 3198 1258 3262 ἐστι

296 3290 331 3364 δ’
346 3299 386 3365 ἐν
400 3297 473 3384 ἐμοὶ
488 3292 509 3366 6
520 3325 552 3365 τι
566 3294 635 3365 ποτ’
651 3292 693 3366 ἐν
707 3293 793 3385 ὑμᾶς
807 3302 928 3385 δρᾶσαι
942 3296 1087 3385 θελήσω,
1103 3298 1159 3365 καί
1173 3296 1257 3384 πρό-

296 3409 415 3468 κεισθε
432 3395 497 3489 ἤδη
518 3398 654 3487 θύματα
674 3406 731 3487 τῆς
750 3396 911 3489 ἡμετέρας
933 3402 1092 3482 ἐξουσίας.
1147 3406 1179 3469 εί
1195 3400 1287 3488 μέν6

297 3492 362 3571 οὖν
385 3499 482 3591 ὑμεῖς
504 3501 589 3591 πρὸς
618 3501 658 3571 τὰ
684 3504 908 3591 τετολμημένα
935 3510 1097 3591 τιμωρίαν
1124 3511 1256 3590 ζητεῖτε,

259 3640 283 3683 ιι
298 3602 375 3675 οὐδ’
399 3612 491 3676 ἐστιν
515 3602 630 3692 εὑρεῖν
656 3610 755 3693 δίκην
776 3605 838 3694 την
859 3608 1142 3695 ἐπιτεθησομένην
1162 3602 1258 3696 ιἰξιάν

297 3715 366 3780 τών
386 3712 641 3800 πεπραγμένων.
681 3708 806 3797 σεμνὸν
832 3708 1025 3799 πρεσβύτην
1045 3710 1101 3777 καί
1123 3706 1258 3794 βασιλέα

295 3812 455 3904 χρηστόν,
472 3808 516 3881 δν
531 3815 633 3904 ἐγρῇν
652 3811 771 3900 σώζειν
792 3815 851 3888 καὶ
873 3819 1111 3912 δορυφορεῖν,
1131 3805 1283 3897 ἐφονεύ-
