3134 4367
323 421 381 481 112
451 506 455 516 Ι
693 422 909 481 ΤΕΤΑΡΤΟΝ

320 592 447 682 φιάλην
459 592 572 681 λαβῶν
587 586 744 664 σπένδων
757 621 793 663 τε
806 609 873 673 τοῖς
887 590 1020 680 ἀνέμοις
1034 589 1158 680 εύχετο.
1182 592 1270 663 πάνυ

222 694 225 699 ’
318 724 354 765 τε
374 692 423 765 ῶν
442 695 658 785 ηιλοκόρσης,
675 697 845 786 πλόκαμον
865 701 1033 765 ἐπιθεῖναι
1054 703 1099 788 τῷ
1116 699 1200 783 πυρὶ
1217 705 1271 783 ζη-

318 807 386 868 τῶν
402 803 551 886 ἐγελᾶτο·
565 800 653 887 πλην
668 791 716 869 ῶν
726 800 921 889 εἷχετριχῶν
935 797 1142 888 ἀπεκείρατο.
1157 798 1271 889 ἐπῄνει

318 904 357 971 δὲ
375 906 431 971 καὶ
446 911 639 991 στρατηγῶν
657 903 795 991 μάλιστα
815 903 955 971 Σύλλαν
976 913 1021 971 τε
1032 900 1092 972 τόν
1112 898 1272 990 Ῥωμαῖον

317 1008 373 1073 καλ
388 1003 544 1093 Ἀννίβαν
557 1005 615 1075 τὸν
628 1014 749 1094 Λίβυν,
765 1003 964 1095 ἀνδριάντας
977 1034 1012 1075 τε
1026 1004 1139 1097 αὐτῶν
1151 1008 1209 1074 καλ
1223 1011 1270 1074 εί·
1287 1021 1299 1059 ⁵

319 1108 419 1189 κόνας
433 1107 622 1197 ἀνέστησεν.

289 1221 306 1275 6
421 1208 549 1301 ἀπάρας
559 1213 596 1281 δὲ
609 1218 666 1299 τῆς
681 1208 777 1292 Ἰλίου
792 1211 847 1280 διά
860 1238 896 1279 τε
908 1218 965 1298 τῆς
979 1207 1079 1299 ἀλλης
1094 1208 1204 1293 Ἀσίας
1219 1214 1273 1282 καὶ

317 1322 483 1395 Βιθυνίας
502 1322 571 1384 τῶν
590 1344 625 1384 τε
645 1322 771 1383 λοιπῶν
796 1317 926 1401 ἐθνῶν,
947 1311 1080 1383 κάκεῖσε
1103 1315 1273 1404 διοικήσας

318 1416 358 1487 τά
371 1421 527 1505 πρακτέα,
543 1423 575 1499 ές
590 1417 651 1507 τὴν
662 1414 1025 1506 Ἀντιόχειαν-ἀφίκετο.
1054 1421 1124 1487 ἐκεῖ
1137 1445 1173 1487 τε
1187 1417 1272 1489 ύπο-

319 1523 451 1608 δεχθεὶς
471 1530 661 1603 πολυτελῶς
686 1523 742 1590 καὶ
765 1528 940 1610 διατρίψας
963 1522 1088 1608 χρόνου
1108 1520 1199 1604 τινὸς
1219 1525 1272 1593 ἐπὶ
1289 1537 1308 1577 ¹⁰

267 1657 284 1681 ι
297 1622 400 1712 215τὴν
410 1621 660 1716 Ἀλεξάνδρειαν
673 1628 852 1711 ἐστέλλετο,
860 1624 1031 1713 πρόφασιν
1043 1625 1104 1712 μὲν
1112 1626 1273 1714 ποιούμε-

319 1755 375 1807 νος
389 1739 511 1797 ποθεῖν
523 1728 584 1817 τὴν
599 1726 651 1799 ἐπ’
672 1724 875 1820 Ἀλεξάνδρμ
890 1728 1208 1827 κτισθείσανςπόλιν,
1219 1731 1273 1799 καὶ

318 1836 364 1921 τῶ
384 1837 456 1922 θεῶ
475 1832 662 1919 χρήσασθαι
684 1828 728 1907 όν,
750 1834 873 1901 ἐκείνοι
899 1833 1057 1919 σέβουσιν
1082 1834 1270 1920 ἐξαιρέτως·

288 1956 305 2009 7
320 1932 382 2001 δύο
396 1932 460 2019 γάρ
478 1940 581 2002 ταῦτα
601 1930 878 2021 ὑπερβαλλόντως
899 1949 1145 2022 προσεποιεῖτο,
1160 1936 1222 2023 τήν
1239 1962 1272 2004 τε

316 2042 378 2104 τού
390 2042 476 2104 θεού
490 2044 677 2123 θρησκείαν
691 2040 747 2105 καί
760 2037 821 2125 τὴν
835 2044 895 2106 τοῦ
910 2033 1019 2124 ἥρωος
1028 2038 1183 2126 μνήμην.
1195 2041 1272 2108 έκα-
1291 2058 1309 2098 ¹⁵

316 2137 439 2227 τόμβας
452 2166 487 2207 τε
509 2130 572 2208 ούν
586 2140 715 2208 κελεύει
736 2148 1056 2227 παρασκευασθῆναι
1075 2142 1274 2230 ἐναγισμούς

317 2268 352 2309 τε
373 2242 617 2323 παντοδαπούς.
658 2240 702 2324 ὡς
725 2243 762 2311 δὲ
783 2245 941 2331 διηχγέλη
962 2250 1008 2335 τῷ
1033 2251 1102 2314 τῶν
1121 2241 1274 2328 Ἀλεξάν-

317 2348 427 2429 δρέων
442 2345 581 2432 πλήθει,
598 2346 699 2434 φύσει
713 2345 774 2433 μὲν
789 2343 862 2417 όντι
883 2345 941 2426 τάς
955 2345 1089 2434 μνῶμας
1102 2349 1274 2435 κουφοτά-

318 2475 364 2540 τω
380 2451 436 2517 καί
451 2451 505 2518 ἐπὶ
524 2464 592 2529 τοῖς
613 2449 830 2537 βραχυτάτοις
851 2454 954 2542 ῥᾷστα
973 2453 1180 2543 κινουμένῳ,
1201 2452 1274 2521 τότε

319 2548 351 2620 δ’
375 2553 567 2642 έξεπτόηντο
582 2550 643 2640 τὴν
660 2560 720 2622 τοῦ
739 2556 900 2641 βασιλέως
919 2552 1071 2640 σπουδήν
1088 2556 1195 2623 τεκαὶ
1216 2552 1274 2623 εύ-
1289 2576 1311 2617 εο

287 2678 414 2730 8νοιαν
444 2656 707 2745 πυνθανόμενοι.
769 2654 918 2745 ὑποδοχὴ
949 2656 986 2725 δὲ
1013 2658 1274 2745 παρεσκευάζετο

319 2763 394 2829 οἵαν
406 2762 526 2848 μηδενὶ
539 2760 673 2830 πῶποτε
686 2769 820 2849 βασιλεῖ
829 2765 988 2847 γενέσθαι
1006 2768 1103 2846 φασί·
1119 2762 1225 2849 πάσης
1240 2789 1275 2830 τε

319 2859 383 2948 γάρ
410 2863 535 2949 μούσης
560 2859 688 2950 όρμανα
710 2871 880 2951 πανταχοῦ
908 2869 1101 2950 διακείμενα
1120 2872 1275 2934 ποικίλον

317 2955 401 3051 ἦχον
421 2962 602 3052 εἰργάζετο,
621 2960 806 3052 ἀρωμάτων
830 2993 866 3033 τε
886 2970 1110 3035 παντοδαπῶν
1130 2970 1187 3036 καὶ
1207 2978 1275 3037 θυ-

318 3068 490 3155 μιαμάτων
517 3064 650 3155 ἀτμίδες
674 3065 820 3138 εύωδίαν
841 3085 1000 3155 παρεῖχον
1026 3086 1096 3149 ταῖς
1120 3071 1272 3157 εἰσόδοις,
1289 3091 1311 3132 25

320 3175 512 3261 δαδουχίαις
525 3197 561 3238 τε
574 3172 630 3239 καὶ
644 3166 778 3240 ἀνθέων
792 3179 906 3260 βολαῖς
920 3171 1113 3258 ἐτίμων-τὸν
1126 3177 1274 3261 βασιλέα.

290 3296 306 3349 9
321 3268 366 3352 ῶς
380 3274 418 3342 δὲ
431 3274 604 3360 εἰσήλασεν
625 3275 657 3354 ές
678 3273 738 3360 τὴν
752 3275 851 3344 πόλιν
867 3274 932 3343 σύν
947 3277 1048 3344 παντὶ
1066 3283 1112 3368 τῶ
1134 3284 1274 3368 στρατῶ,

320 3377 528 3463 πρῶτονμὲν
543 3379 576 3457 ές
592 3375 651 3446 τόν
665 3376 753 3446 νεῶν
772 3376 928 3447 άνελθῶν
946 3377 1069 3459 πολλάς
1093 3380 1276 3469 ἑκατόμβας

225 3542 227 3550 ,
318 3481 484 3547 κατέθυσε
500 3480 626 3571 λιβάνῳ
640 3508 676 3549 τε
689 3478 767 3561 τούς
780 3480 914 3570 βωμούς
929 3482 1125 3570 έσῶρευσεν,
1142 3487 1275 3553 ἐκεῖθεν

320 3579 352 3651 δ’
368 3580 481 3651 έλθῶν
501 3585 534 3665 ἐς
553 3581 589 3652 τό
607 3580 825 3675 Ἀλεξάνδρου
845 3593 973 3673 μνῆμα,
988 3584 1050 3673 την
1067 3614 1102 3655 τε
1122 3585 1274 3675 χλαμύδα
1289 3606 1311 3647 ³⁰

318 3681 362 3773 ἢν
382 3692 503 3775 ἔφερεν
528 3684 692 3775 ἁλουργῆ,
716 3694 915 3769 δακτυλίους
942 3717 977 3758 τε
999 3685 1058 3769 ούς
1080 3689 1145 3777 εἶχε
1165 3698 1274 3760 λίθων

309 3797 439 3877 τηαιων,
455 3791 626 3884 ζωστῆράς
640 3821 674 3863 τε
688 3795 744 3863 καί
760 3803 792 3864 εί
802 3822 834 3863 τι
847 3793 1023 3873 πολυτελὲς
1037 3800 1147 3882 ἔφερε,
1163 3821 1274 3884 περιε·
