<?xml version="1.0" encoding="UTF-8"?>
<!DOCTYPE html PUBLIC "-//W3C//DTD XHTML 1.0 Transitional//EN"
    "http://www.w3.org/TR/xhtml1/DTD/xhtml1-transitional.dtd">
<html xmlns="http://www.w3.org/1999/xhtml" xml:lang="en" lang="en">
 <head>
  <title>
</title>
<meta http-equiv="Content-Type" content="text/html;charset=utf-8" />
  <meta name='ocr-system' content='tesseract 3.04.00' />
  <meta name='ocr-capabilities' content='ocr_page ocr_carea ocr_par ocr_line ocrx_word'/>
</head>
<body>
  <div class='ocr_page' id='page_1' title='image "./herodianiabexce00herogoog_0069.png"; bbox 0 0 3134 4367; ppageno 0'>
   <div class='ocr_carea' id='block_1_1' title="bbox 663 441 1254 503">
    <p class='ocr_par' dir='ltr' id='par_1_1' title="bbox 663 441 1254 503">
     <span class='ocr_line' id='line_1_1' title="bbox 663 441 1254 503; baseline 0.003 -2"><span class='ocrx_word' id='word_1_1' title='bbox 663 442 889 503; x_wconf 78' lang='lat' dir='ltr'><em>AEYTEPON</em></span> <span class='ocrx_word' id='word_1_2' title='bbox 1213 441 1254 503; x_wconf 83' lang='lat'><em>59</em></span> 
     </span>
    </p>
   </div>
   <div class='ocr_carea' id='block_1_2' title="bbox 252 609 1318 2148">
    <p class='ocr_par' dir='ltr' id='par_1_2' title="bbox 252 609 1318 2148">
     <span class='ocr_line' id='line_1_2' title="bbox 288 609 1318 705; baseline -0.001 -19"><span class='ocrx_word' id='word_1_3' title='bbox 288 625 406 702; x_wconf 89' lang='grc' dir='ltr'><em>λευσε,</em></span> <span class='ocrx_word' id='word_1_4' title='bbox 429 611 492 702; x_wconf 90' lang='grc' dir='ltr'><em>τήν</em></span> <span class='ocrx_word' id='word_1_5' title='bbox 504 638 540 681; x_wconf 87' lang='grc' dir='ltr'><em>τε</em></span> <span class='ocrx_word' id='word_1_6' title='bbox 555 614 588 693; x_wconf 84' lang='grc' dir='ltr'><em>ἐς</em></span> <span class='ocrx_word' id='word_1_7' title='bbox 602 609 664 702; x_wconf 84' lang='grc' dir='ltr'><em>τήν</em></span> <span class='ocrx_word' id='word_1_8' title='bbox 676 610 803 703; x_wconf 89' lang='grc' dir='ltr'><em>Ῥώμην</em></span> <span class='ocrx_word' id='word_1_9' title='bbox 817 616 931 695; x_wconf 80' lang='grc' dir='ltr'><em>ἔξοδον</em></span> <span class='ocrx_word' id='word_1_10' title='bbox 947 613 1135 702; x_wconf 77' lang='grc' dir='ltr'><em>ἐπήγγειλε·</em></span> <span class='ocrx_word' id='word_1_11' title='bbox 1149 616 1254 705; x_wconf 87' lang='grc' dir='ltr'><em>νομάς</em></span> <span class='ocrx_word' id='word_1_12' title='bbox 1315 652 1318 658; x_wconf 96' lang='grc'><strong><em>·</em></strong></span> 
     </span>
     <span class='ocr_line' id='line_1_3' title="bbox 288 712 1251 808; baseline -0.002 -19"><span class='ocrx_word' id='word_1_13' title='bbox 288 748 323 789; x_wconf 91' lang='grc' dir='ltr'><em>τε</em></span> <span class='ocrx_word' id='word_1_14' title='bbox 347 714 464 797; x_wconf 85' lang='grc' dir='ltr'><em>αὐτοῖς</em></span> <span class='ocrx_word' id='word_1_15' title='bbox 485 713 600 797; x_wconf 82' lang='grc' dir='ltr'><em>διδούς</em></span> <span class='ocrx_word' id='word_1_16' title='bbox 619 717 677 785; x_wconf 83' lang='grc' dir='ltr'><em>καλ</em></span> <span class='ocrx_word' id='word_1_17' title='bbox 700 717 821 806; x_wconf 89' lang='grc' dir='ltr'><em>ἐφόδια</em></span> <span class='ocrx_word' id='word_1_18' title='bbox 845 724 903 806; x_wconf 88' lang='grc' dir='ltr'><em>τής</em></span> <span class='ocrx_word' id='word_1_19' title='bbox 926 712 1117 806; x_wconf 76' lang='grc' dir='ltr'><strong><em>ὁδοιπορίας</em></strong></span> <span class='ocrx_word' id='word_1_20' title='bbox 1137 730 1251 808; x_wconf 87' lang='grc' dir='ltr'><em>είχετο.</em></span> 
     </span>
     <span class='ocr_line' id='line_1_4' title="bbox 289 818 1253 913; baseline 0 -20"><span class='ocrx_word' id='word_1_21' title='bbox 289 820 446 913; x_wconf 79' lang='grc' dir='ltr'><strong><em>συντόνῳ</em></strong></span> <span class='ocrx_word' id='word_1_22' title='bbox 469 818 506 888; x_wconf 71' lang='grc' dir='ltr'><em>δὲ</em></span> <span class='ocrx_word' id='word_1_23' title='bbox 526 825 656 909; x_wconf 86' lang='grc' dir='ltr'><em>σπουδή</em></span> <span class='ocrx_word' id='word_1_24' title='bbox 681 822 738 891; x_wconf 83' lang='grc' dir='ltr'><em>καλ</em></span> <span class='ocrx_word' id='word_1_25' title='bbox 759 827 929 908; x_wconf 78' lang='grc' dir='ltr'><em>γενναίοις,</em></span> <span class='ocrx_word' id='word_1_26' title='bbox 948 819 1064 901; x_wconf 80' lang='grc' dir='ltr'><em>πόνοις</em></span> <span class='ocrx_word' id='word_1_27' title='bbox 1084 820 1145 909; x_wconf 84' lang='grc' dir='ltr'><em>τήν</em></span> <span class='ocrx_word' id='word_1_28' title='bbox 1170 819 1253 893; x_wconf 87' lang='grc' dir='ltr'><em>δδδν</em></span> 
     </span>
     <span class='ocr_line' id='line_1_5' title="bbox 290 921 1253 1012; baseline 0 -17"><span class='ocrx_word' id='word_1_29' title='bbox 290 924 491 1012; x_wconf 76' lang='grc' dir='ltr'><em>ἐπετάχυνε,</em></span> <span class='ocrx_word' id='word_1_30' title='bbox 506 921 586 1010; x_wconf 89' lang='grc' dir='ltr'><em>μήτε</em></span> <span class='ocrx_word' id='word_1_31' title='bbox 600 950 667 992; x_wconf 90' lang='grc' dir='ltr'><em>που</em></span> <span class='ocrx_word' id='word_1_32' title='bbox 682 927 937 1012; x_wconf 81' lang='grc' dir='ltr'><em>ἐπιδιατρίβοιν,</em></span> <span class='ocrx_word' id='word_1_33' title='bbox 951 922 1033 1012; x_wconf 89' lang='grc' dir='ltr'><em>μήτε</em></span> <span class='ocrx_word' id='word_1_34' title='bbox 1047 922 1164 1005; x_wconf 82' lang='grc' dir='ltr'><em>διδούς</em></span> <span class='ocrx_word' id='word_1_35' title='bbox 1177 954 1253 995; x_wconf 91' lang='grc' dir='ltr'><em>και-</em></span> 
     </span>
     <span class='ocr_line' id='line_1_6' title="bbox 262 1022 1254 1119; baseline -0.001 -21"><span class='ocrx_word' id='word_1_36' title='bbox 262 1026 355 1119; x_wconf 73' lang='grc' dir='ltr'><em>ερὸν</em></span> <span class='ocrx_word' id='word_1_37' title='bbox 381 1024 591 1114; x_wconf 86' lang='grc' dir='ltr'><em>άναπαύλης,</em></span> <span class='ocrx_word' id='word_1_38' title='bbox 619 1032 651 1094; x_wconf 87' lang='grc' dir='ltr'><em>εί</em></span> <span class='ocrx_word' id='word_1_39' title='bbox 675 1024 719 1116; x_wconf 89' lang='grc' dir='ltr'><em>μή</em></span> <span class='ocrx_word' id='word_1_40' title='bbox 744 1032 905 1098; x_wconf 82' lang='grc' dir='ltr'><em>τοσοῦτον</em></span> <span class='ocrx_word' id='word_1_41' title='bbox 927 1022 1008 1096; x_wconf 84' lang='grc' dir='ltr'><em>ὅσον</em></span> <span class='ocrx_word' id='word_1_42' title='bbox 1034 1023 1152 1114; x_wconf 79' lang='grc' dir='ltr'><em>ὀλίγον</em></span> <span class='ocrx_word' id='word_1_43' title='bbox 1174 1026 1254 1108; x_wconf 80' lang='grc' dir='ltr'><em>τούς</em></span> 
     </span>
     <span class='ocr_line' id='line_1_7' title="bbox 290 1126 1288 1220; baseline -0.004 -19"><span class='ocrx_word' id='word_1_44' title='bbox 290 1129 496 1220; x_wconf 76' lang='grc' dir='ltr'><em>στρατιώτας</em></span> <span class='ocrx_word' id='word_1_45' title='bbox 514 1126 787 1210; x_wconf 77' lang='grc' dir='ltr'><em>ἀναπνεύσαντας</em></span> <span class='ocrx_word' id='word_1_46' title='bbox 808 1135 943 1217; x_wconf 80' lang='grc' dir='ltr'><em>ἔχεσθαι</em></span> <span class='ocrx_word' id='word_1_47' title='bbox 963 1136 1020 1217; x_wconf 81' lang='grc' dir='ltr'><em>τῆς</em></span> <span class='ocrx_word' id='word_1_48' title='bbox 1041 1126 1136 1200; x_wconf 84' lang='grc' dir='ltr'><em>όδού.</em></span> <span class='ocrx_word' id='word_1_49' title='bbox 1165 1132 1288 1200; x_wconf 70' lang='grc' dir='ltr'><em>ἐπα-2</em></span> 
     </span>
     <span class='ocr_line' id='line_1_8' title="bbox 291 1228 1257 1323; baseline -0.003 -18"><span class='ocrx_word' id='word_1_50' title='bbox 291 1235 396 1305; x_wconf 90' lang='grc' dir='ltr'><em>νώνει</em></span> <span class='ocrx_word' id='word_1_51' title='bbox 411 1233 449 1302; x_wconf 80' lang='grc' dir='ltr'><em>δέ</em></span> <span class='ocrx_word' id='word_1_52' title='bbox 461 1239 530 1301; x_wconf 84' lang='grc' dir='ltr'><em>τών</em></span> <span class='ocrx_word' id='word_1_53' title='bbox 544 1231 699 1320; x_wconf 87' lang='grc' dir='ltr'><em>καμάτων</em></span> <span class='ocrx_word' id='word_1_54' title='bbox 712 1228 951 1322; x_wconf 78' lang='grc' dir='ltr'><em>αύτοῖς,σκηνή</em></span> <span class='ocrx_word' id='word_1_55' title='bbox 965 1260 999 1302; x_wconf 88' lang='grc' dir='ltr'><em>τε</em></span> <span class='ocrx_word' id='word_1_56' title='bbox 1013 1233 1182 1323; x_wconf 86' lang='grc' dir='ltr'><em>χρώμενος</em></span> <span class='ocrx_word' id='word_1_57' title='bbox 1197 1230 1257 1303; x_wconf 84' lang='grc' dir='ltr'><em>εό-</em></span> 
     </span>
     <span class='ocr_line' id='line_1_9' title="bbox 292 1331 1257 1424; baseline 0 -17"><span class='ocrx_word' id='word_1_58' title='bbox 292 1346 399 1423; x_wconf 90' lang='grc' dir='ltr'><em>τελεῖ,</em></span> <span class='ocrx_word' id='word_1_59' title='bbox 413 1337 470 1405; x_wconf 83' lang='grc' dir='ltr'><em>καλ</em></span> <span class='ocrx_word' id='word_1_60' title='bbox 489 1342 578 1403; x_wconf 86' lang='grc' dir='ltr'><em>σιτία</em></span> <span class='ocrx_word' id='word_1_61' title='bbox 591 1337 647 1403; x_wconf 80' lang='grc' dir='ltr'><em>καὶ</em></span> <span class='ocrx_word' id='word_1_62' title='bbox 660 1333 744 1404; x_wconf 84' lang='grc' dir='ltr'><em>ποτὰ</em></span> <span class='ocrx_word' id='word_1_63' title='bbox 758 1336 1031 1424; x_wconf 88' lang='grc' dir='ltr'><em>προσφερόμενος</em></span> <span class='ocrx_word' id='word_1_64' title='bbox 1048 1331 1102 1406; x_wconf 85' lang='grc' dir='ltr'><em>οἷα</em></span> <span class='ocrx_word' id='word_1_65' title='bbox 1121 1339 1177 1405; x_wconf 81' lang='grc' dir='ltr'><em>καὶ</em></span> <span class='ocrx_word' id='word_1_66' title='bbox 1191 1342 1257 1407; x_wconf 81' lang='grc' dir='ltr'><em>πά-</em></span> 
     </span>
     <span class='ocr_line' id='line_1_10' title="bbox 295 1433 1257 1530; baseline -0.002 -19"><span class='ocrx_word' id='word_1_67' title='bbox 295 1463 351 1511; x_wconf 89' lang='grc' dir='ltr'><em>σιν</em></span> <span class='ocrx_word' id='word_1_68' title='bbox 365 1436 530 1528; x_wconf 80' lang='grc' dir='ltr'><em>ὑπάρχειν</em></span> <span class='ocrx_word' id='word_1_69' title='bbox 544 1433 718 1526; x_wconf 86' lang='grc' dir='ltr'><em>ήπίστατο·</em></span> <span class='ocrx_word' id='word_1_70' title='bbox 747 1435 900 1526; x_wconf 77' lang='grc' dir='ltr'><em>οὐδαμοῦ</em></span> <span class='ocrx_word' id='word_1_71' title='bbox 921 1439 958 1507; x_wconf 76' lang='grc' dir='ltr'><em>δέ</em></span> <span class='ocrx_word' id='word_1_72' title='bbox 971 1436 1106 1530; x_wconf 86' lang='grc' dir='ltr'><em>τρυφήν</em></span> <span class='ocrx_word' id='word_1_73' title='bbox 1129 1444 1257 1511; x_wconf 87' lang='grc' dir='ltr'><em>ἐνεδεί-</em></span> 
     </span>
     <span class='ocr_line' id='line_1_11' title="bbox 252 1538 1257 1634; baseline 0 -22"><span class='ocrx_word' id='word_1_74' title='bbox 252 1574 276 1614; x_wconf 90' lang='grc' dir='ltr'><em>ιο</em></span> <span class='ocrx_word' id='word_1_75' title='bbox 294 1571 400 1615; x_wconf 91' lang='grc' dir='ltr'><em>κνυτο</em></span> <span class='ocrx_word' id='word_1_76' title='bbox 414 1540 602 1632; x_wconf 83' lang='grc' dir='ltr'><em>βασιλικήν.</em></span> <span class='ocrx_word' id='word_1_77' title='bbox 631 1538 716 1611; x_wconf 80' lang='grc' dir='ltr'><em>ὅθεν</em></span> <span class='ocrx_word' id='word_1_78' title='bbox 729 1543 786 1610; x_wconf 81' lang='grc' dir='ltr'><em>καλ</em></span> <span class='ocrx_word' id='word_1_79' title='bbox 805 1549 939 1629; x_wconf 79' lang='grc' dir='ltr'><em>μείζονα</em></span> <span class='ocrx_word' id='word_1_80' title='bbox 958 1541 1049 1632; x_wconf 81' lang='grc' dir='ltr'><em>παρὰ</em></span> <span class='ocrx_word' id='word_1_81' title='bbox 1067 1550 1135 1613; x_wconf 84' lang='grc' dir='ltr'><em>τών</em></span> <span class='ocrx_word' id='word_1_82' title='bbox 1153 1566 1257 1634; x_wconf 88' lang='grc' dir='ltr'><em>στρα-</em></span> 
     </span>
     <span class='ocr_line' id='line_1_12' title="bbox 293 1640 1257 1735; baseline -0.004 -17"><span class='ocrx_word' id='word_1_83' title='bbox 293 1653 425 1719; x_wconf 77' lang='grc' dir='ltr'><em>τιωτῶν</em></span> <span class='ocrx_word' id='word_1_84' title='bbox 450 1641 588 1714; x_wconf 80' lang='grc' dir='ltr'><em>εόνοιαν</em></span> <span class='ocrx_word' id='word_1_85' title='bbox 614 1644 831 1714; x_wconf 80' lang='grc' dir='ltr'><em>ἐπιστώσατο·</em></span> <span class='ocrx_word' id='word_1_86' title='bbox 860 1640 902 1713; x_wconf 87' lang='grc' dir='ltr'><em>ού</em></span> <span class='ocrx_word' id='word_1_87' title='bbox 935 1641 998 1735; x_wconf 84' lang='grc' dir='ltr'><em>γάρ</em></span> <span class='ocrx_word' id='word_1_88' title='bbox 1025 1645 1130 1733; x_wconf 92' lang='grc' dir='ltr'><em>μόνον</em></span> <span class='ocrx_word' id='word_1_89' title='bbox 1151 1643 1257 1716; x_wconf 79' lang='grc' dir='ltr'><em>αὐτὸν</em></span> 
     </span>
     <span class='ocr_line' id='line_1_13' title="bbox 293 1743 1257 1839; baseline -0.003 -18"><span class='ocrx_word' id='word_1_90' title='bbox 293 1754 535 1839; x_wconf 86' lang='grc' dir='ltr'><em>σνμπονοῦντα</em></span> <span class='ocrx_word' id='word_1_91' title='bbox 551 1744 633 1816; x_wconf 79' lang='grc' dir='ltr'><em>ἀλλὰ</em></span> <span class='ocrx_word' id='word_1_92' title='bbox 644 1749 778 1817; x_wconf 81' lang='grc' dir='ltr'><em>καλτών</em></span> <span class='ocrx_word' id='word_1_93' title='bbox 789 1746 945 1834; x_wconf 78' lang='grc' dir='ltr'><em>καμάτων</em></span> <span class='ocrx_word' id='word_1_94' title='bbox 955 1743 1098 1836; x_wconf 84' lang='grc' dir='ltr'><em>άρχοντα</em></span> <span class='ocrx_word' id='word_1_95' title='bbox 1109 1754 1143 1818; x_wconf 81' lang='grc' dir='ltr'><em>ολ</em></span> <span class='ocrx_word' id='word_1_96' title='bbox 1156 1770 1257 1839; x_wconf 88' lang='grc' dir='ltr'><em>στρα-</em></span> 
     </span>
     <span class='ocr_line' id='line_1_14' title="bbox 295 1847 1239 1941; baseline -0.005 -17"><span class='ocrx_word' id='word_1_97' title='bbox 295 1859 411 1924; x_wconf 81' lang='grc' dir='ltr'><em>τιώται</em></span> <span class='ocrx_word' id='word_1_98' title='bbox 428 1851 623 1939; x_wconf 79' lang='grc' dir='ltr'><em>αἰδούμενοι</em></span> <span class='ocrx_word' id='word_1_99' title='bbox 640 1847 722 1939; x_wconf 80' lang='grc' dir='ltr'><em>μετά</em></span> <span class='ocrx_word' id='word_1_100' title='bbox 736 1858 929 1939; x_wconf 76' lang='grc' dir='ltr'><em>προθυμίας</em></span> <span class='ocrx_word' id='word_1_101' title='bbox 943 1850 1050 1921; x_wconf 89' lang='grc' dir='ltr'><em>πάντα</em></span> <span class='ocrx_word' id='word_1_102' title='bbox 1067 1858 1239 1941; x_wconf 83' lang='grc' dir='ltr'><em>ἔπραττον.</em></span> 
     </span>
     <span class='ocr_line' id='line_1_15' title="bbox 398 1951 1286 2044; baseline -0.006 -20"><span class='ocrx_word' id='word_1_103' title='bbox 398 1951 420 2024; x_wconf 85' lang='grc' dir='ltr'><em>δ</em></span> <span class='ocrx_word' id='word_1_104' title='bbox 439 1955 477 2024; x_wconf 71' lang='grc' dir='ltr'><em>δὲ</em></span> <span class='ocrx_word' id='word_1_105' title='bbox 496 1952 558 2042; x_wconf 86' lang='grc' dir='ltr'><em>τήν</em></span> <span class='ocrx_word' id='word_1_106' title='bbox 575 1960 743 2023; x_wconf 88' lang='grc' dir='ltr'><em>Παιονίαν</em></span> <span class='ocrx_word' id='word_1_107' title='bbox 760 1952 957 2043; x_wconf 85' lang='grc' dir='ltr'><em>διαδραμών</em></span> <span class='ocrx_word' id='word_1_108' title='bbox 977 1957 1094 2044; x_wconf 79' lang='grc' dir='ltr'><em>ἐπέστη</em></span> <span class='ocrx_word' id='word_1_109' title='bbox 1109 1972 1177 2036; x_wconf 86' lang='grc' dir='ltr'><em>τοῖς</em></span> <span class='ocrx_word' id='word_1_110' title='bbox 1197 1959 1286 2044; x_wconf 72' lang='grc' dir='ltr'><em>τήςὸ</em></span> 
     </span>
     <span class='ocr_line' id='line_1_16' title="bbox 256 2055 1258 2148; baseline 0.005 -24"><span class='ocrx_word' id='word_1_111' title='bbox 256 2083 280 2124; x_wconf 83' lang='grc' dir='ltr'><em>ιε</em></span> <span class='ocrx_word' id='word_1_112' title='bbox 292 2057 431 2139; x_wconf 80' lang='grc' dir='ltr'><em>Ἰταλίας</em></span> <span class='ocrx_word' id='word_1_113' title='bbox 444 2055 545 2148; x_wconf 84' lang='grc' dir='ltr'><em>όροις,</em></span> <span class='ocrx_word' id='word_1_114' title='bbox 556 2060 612 2129; x_wconf 80' lang='grc' dir='ltr'><em>καὶ</em></span> <span class='ocrx_word' id='word_1_115' title='bbox 625 2056 686 2145; x_wconf 87' lang='grc' dir='ltr'><em>τήν</em></span> <span class='ocrx_word' id='word_1_116' title='bbox 701 2057 817 2145; x_wconf 94' lang='grc' dir='ltr'><em>φήμην</em></span> <span class='ocrx_word' id='word_1_117' title='bbox 830 2058 965 2145; x_wconf 79' lang='grc' dir='ltr'><em>φθάσας</em></span> <span class='ocrx_word' id='word_1_118' title='bbox 979 2058 1141 2148; x_wconf 91' lang='grc' dir='ltr'><em>πρότερον</em></span> <span class='ocrx_word' id='word_1_119' title='bbox 1155 2055 1258 2147; x_wconf 81' lang='grc' dir='ltr'><em>ώφθη</em></span> 
     </span>
    </p>
   </div>
   <div class='ocr_carea' id='block_1_3' title="bbox 295 2155 1260 2355">
    <p class='ocr_par' dir='ltr' id='par_1_3' title="bbox 295 2155 1260 2355">
     <span class='ocr_line' id='line_1_17' title="bbox 295 2155 1258 2252; baseline -0.004 -19"><span class='ocrx_word' id='word_1_120' title='bbox 295 2180 365 2244; x_wconf 89' lang='grc' dir='ltr'><em>τοῖς</em></span> <span class='ocrx_word' id='word_1_121' title='bbox 384 2166 492 2237; x_wconf 83' lang='grc' dir='ltr'><em>ἐκεῖσε</em></span> <span class='ocrx_word' id='word_1_122' title='bbox 512 2158 629 2252; x_wconf 86' lang='grc' dir='ltr'><em>παρών</em></span> <span class='ocrx_word' id='word_1_123' title='bbox 649 2158 807 2250; x_wconf 78' lang='grc' dir='ltr'><em>βασιλεὺς</em></span> <span class='ocrx_word' id='word_1_124' title='bbox 826 2155 848 2249; x_wconf 80' lang='grc' dir='ltr'><strong><em>ἦ</em></strong></span> <span class='ocrx_word' id='word_1_125' title='bbox 868 2157 1066 2249; x_wconf 79' lang='grc' dir='ltr'><em>ἀφιξόμενος</em></span> <span class='ocrx_word' id='word_1_126' title='bbox 1093 2157 1258 2250; x_wconf 85' lang='grc' dir='ltr'><em>ήκοάσθη.</em></span> 
     </span>
     <span class='ocr_line' id='line_1_18' title="bbox 297 2260 1260 2355; baseline -0.003 -18"><span class='ocrx_word' id='word_1_127' title='bbox 297 2268 373 2348; x_wconf 88' lang='grc' dir='ltr'><em>δέος</em></span> <span class='ocrx_word' id='word_1_128' title='bbox 399 2292 436 2334; x_wconf 90' lang='grc' dir='ltr'><em>τε</em></span> <span class='ocrx_word' id='word_1_129' title='bbox 462 2266 547 2354; x_wconf 90' lang='grc' dir='ltr'><em>μέγα</em></span> <span class='ocrx_word' id='word_1_130' title='bbox 572 2262 630 2344; x_wconf 84' lang='grc' dir='ltr'><em>τὰς</em></span> <span class='ocrx_word' id='word_1_131' title='bbox 647 2260 867 2345; x_wconf 85' lang='grc' dir='ltr'><em>Ἰταλιώτιδας</em></span> <span class='ocrx_word' id='word_1_132' title='bbox 892 2265 1004 2345; x_wconf 90' lang='grc' dir='ltr'><em>πόλεις</em></span> <span class='ocrx_word' id='word_1_133' title='bbox 1031 2267 1260 2355; x_wconf 83' lang='grc' dir='ltr'><em>κατελάμβανε</em></span> 
     </span>
    </p>
   </div>
   <div class='ocr_carea' id='block_1_4' title="bbox 259 2365 1292 3905">
    <p class='ocr_par' dir='ltr' id='par_1_4' title="bbox 259 2365 1292 3905">
     <span class='ocr_line' id='line_1_19' title="bbox 298 2365 1260 2458; baseline -0.002 -19"><span class='ocrx_word' id='word_1_134' title='bbox 298 2370 560 2456; x_wconf 80' lang='grc' dir='ltr'><em>πυνθανομένας</em></span> <span class='ocrx_word' id='word_1_135' title='bbox 569 2366 736 2455; x_wconf 84' lang='grc' dir='ltr'><em>τοσαύτην</em></span> <span class='ocrx_word' id='word_1_136' title='bbox 746 2372 871 2455; x_wconf 82' lang='grc' dir='ltr'><em>ἔφοδον</em></span> <span class='ocrx_word' id='word_1_137' title='bbox 884 2375 1038 2458; x_wconf 85' lang='grc' dir='ltr'><em>στρατοῦ.</em></span> <span class='ocrx_word' id='word_1_138' title='bbox 1057 2374 1092 2438; x_wconf 87' lang='grc' dir='ltr'><em>οί</em></span> <span class='ocrx_word' id='word_1_139' title='bbox 1102 2368 1165 2457; x_wconf 82' lang='grc' dir='ltr'><em>γὰρ</em></span> <span class='ocrx_word' id='word_1_140' title='bbox 1175 2365 1260 2437; x_wconf 81' lang='grc' dir='ltr'><em>κατά</em></span> 
     </span>
     <span class='ocr_line' id='line_1_20' title="bbox 298 2466 1260 2561; baseline -0.004 -19"><span class='ocrx_word' id='word_1_141' title='bbox 298 2470 360 2561; x_wconf 90' lang='grc' dir='ltr'><em>τήν</em></span> <span class='ocrx_word' id='word_1_142' title='bbox 378 2468 522 2541; x_wconf 82' lang='grc' dir='ltr'><em>Ἰταλίαν</em></span> <span class='ocrx_word' id='word_1_143' title='bbox 549 2468 744 2560; x_wconf 81' lang='grc' dir='ltr'><em>άνθρωποι,</em></span> <span class='ocrx_word' id='word_1_144' title='bbox 766 2466 881 2539; x_wconf 81' lang='grc' dir='ltr'><em>ὅπλων</em></span> <span class='ocrx_word' id='word_1_145' title='bbox 906 2472 964 2539; x_wconf 80' lang='grc' dir='ltr'><em>καὶ</em></span> <span class='ocrx_word' id='word_1_146' title='bbox 984 2473 1139 2559; x_wconf 88' lang='grc' dir='ltr'><em>πολέμων</em></span> <span class='ocrx_word' id='word_1_147' title='bbox 1158 2471 1260 2539; x_wconf 89' lang='grc' dir='ltr'><em>πάλαι</em></span> 
     </span>
     <span class='ocr_line' id='line_1_21' title="bbox 259 2569 1291 2665; baseline -0.009 -19"><span class='ocrx_word' id='word_1_148' title='bbox 259 2614 284 2655; x_wconf 73' lang='lat' dir='ltr'><em>w</em></span> <span class='ocrx_word' id='word_1_149' title='bbox 300 2573 559 2665; x_wconf 76' lang='grc' dir='ltr'><em>ἀπηλλαγμένοι,</em></span> <span class='ocrx_word' id='word_1_150' title='bbox 571 2580 717 2664; x_wconf 75' lang='grc' dir='ltr'><em>γεωργίᾳ</em></span> <span class='ocrx_word' id='word_1_151' title='bbox 730 2575 787 2642; x_wconf 80' lang='grc' dir='ltr'><em>καὶ</em></span> <span class='ocrx_word' id='word_1_152' title='bbox 801 2572 917 2662; x_wconf 79' lang='grc' dir='ltr'><em>εἰρήνη</em></span> <span class='ocrx_word' id='word_1_153' title='bbox 930 2589 1115 2661; x_wconf 79' lang='grc' dir='ltr'><em>προσεῖχον.</em></span> <span class='ocrx_word' id='word_1_154' title='bbox 1133 2576 1166 2653; x_wconf 92' lang='grc' dir='ltr'><em>ἐς</em></span> <span class='ocrx_word' id='word_1_155' title='bbox 1180 2569 1291 2641; x_wconf 80' lang='grc' dir='ltr'><em>όσον4</em></span> 
     </span>
     <span class='ocr_line' id='line_1_22' title="bbox 300 2671 1263 2769; baseline -0.005 -21"><span class='ocrx_word' id='word_1_156' title='bbox 300 2680 363 2769; x_wconf 73' lang='grc' dir='ltr'><em>μὲν</em></span> <span class='ocrx_word' id='word_1_157' title='bbox 383 2677 449 2767; x_wconf 83' lang='grc' dir='ltr'><em>γὰρ</em></span> <span class='ocrx_word' id='word_1_158' title='bbox 466 2673 532 2746; x_wconf 81' lang='grc' dir='ltr'><em>ὑπὸ</em></span> <span class='ocrx_word' id='word_1_159' title='bbox 553 2682 776 2765; x_wconf 85' lang='grc' dir='ltr'><em>δημοκρατίας</em></span> <span class='ocrx_word' id='word_1_160' title='bbox 794 2673 834 2743; x_wconf 81' lang='grc' dir='ltr'><em>τὰ</em></span> <span class='ocrx_word' id='word_1_161' title='bbox 851 2671 1020 2762; x_wconf 85' lang='grc' dir='ltr'><em>Ῥωμαίων</em></span> <span class='ocrx_word' id='word_1_162' title='bbox 1039 2681 1192 2767; x_wconf 76' lang='grc' dir='ltr'><em>διῳκεῖτο</em></span> <span class='ocrx_word' id='word_1_163' title='bbox 1206 2676 1263 2744; x_wconf 85' lang='grc' dir='ltr'><em>καὶ</em></span> 
     </span>
     <span class='ocr_line' id='line_1_23' title="bbox 301 2774 1263 2872; baseline -0.003 -22"><span class='ocrx_word' id='word_1_164' title='bbox 301 2780 322 2872; x_wconf 86' lang='grc' dir='ltr'><em>ή</em></span> <span class='ocrx_word' id='word_1_165' title='bbox 343 2782 529 2870; x_wconf 78' lang='grc' dir='ltr'><em>σύγκλητος</em></span> <span class='ocrx_word' id='word_1_166' title='bbox 552 2783 711 2867; x_wconf 79' lang='grc' dir='ltr'><em>ἐξέπεμπε</em></span> <span class='ocrx_word' id='word_1_167' title='bbox 730 2775 808 2858; x_wconf 81' lang='grc' dir='ltr'><em>τούς</em></span> <span class='ocrx_word' id='word_1_168' title='bbox 829 2774 870 2846; x_wconf 86' lang='grc' dir='ltr'><em>τόι</em></span> <span class='ocrx_word' id='word_1_169' title='bbox 892 2775 1055 2865; x_wconf 82' lang='grc' dir='ltr'><em>πολεμικὰ</em></span> <span class='ocrx_word' id='word_1_170' title='bbox 1076 2776 1263 2867; x_wconf 89' lang='grc' dir='ltr'><em>στρατηγή-</em></span> 
     </span>
     <span class='ocr_line' id='line_1_24' title="bbox 302 2872 1263 2971; baseline -0.003 -16"><span class='ocrx_word' id='word_1_171' title='bbox 302 2908 433 2971; x_wconf 86' lang='grc' dir='ltr'><em>σοντας,</em></span> <span class='ocrx_word' id='word_1_172' title='bbox 449 2879 613 2963; x_wconf 84' lang='grc' dir='ltr'><em>ἐνόπλοις</em></span> <span class='ocrx_word' id='word_1_173' title='bbox 632 2879 811 2951; x_wconf 76' lang='grc' dir='ltr'><em>Ἰταλιῶται</em></span> <span class='ocrx_word' id='word_1_174' title='bbox 825 2879 946 2960; x_wconf 88' lang='grc' dir='ltr'><em>πάντες</em></span> <span class='ocrx_word' id='word_1_175' title='bbox 959 2872 1045 2969; x_wconf 78' lang='grc' dir='ltr'><em>ἦσαν</em></span> <span class='ocrx_word' id='word_1_176' title='bbox 1059 2884 1116 2951; x_wconf 83' lang='grc' dir='ltr'><em>καλ</em></span> <span class='ocrx_word' id='word_1_177' title='bbox 1129 2888 1193 2970; x_wconf 85' lang='grc' dir='ltr'><em>γήν</em></span> <span class='ocrx_word' id='word_1_178' title='bbox 1206 2884 1263 2952; x_wconf 82' lang='grc' dir='ltr'><em>καὶ</em></span> 
     </span>
     <span class='ocr_line' id='line_1_25' title="bbox 302 2981 1264 3074; baseline -0.004 -16"><span class='ocrx_word' id='word_1_179' title='bbox 302 2988 474 3059; x_wconf 88' lang='grc' dir='ltr'><em>θάλατταν</em></span> <span class='ocrx_word' id='word_1_180' title='bbox 487 2986 682 3074; x_wconf 87' lang='grc' dir='ltr'><em>ἐκτήσαντο,</em></span> <span class='ocrx_word' id='word_1_181' title='bbox 696 2981 831 3073; x_wconf 84' lang='grc' dir='ltr'><em>Ἕλλησι</em></span> <span class='ocrx_word' id='word_1_182' title='bbox 845 2984 1089 3073; x_wconf 85' lang='grc' dir='ltr'><em>πολεμήσαντες</em></span> <span class='ocrx_word' id='word_1_183' title='bbox 1109 2987 1165 3054; x_wconf 81' lang='grc' dir='ltr'><em>καὶ</em></span> <span class='ocrx_word' id='word_1_184' title='bbox 1179 2993 1264 3074; x_wconf 84' lang='grc' dir='ltr'><em>βαρ-</em></span> 
     </span>
     <span class='ocr_line' id='line_1_26' title="bbox 265 3078 1262 3181; baseline -0.006 -17"><span class='ocrx_word' id='word_1_185' title='bbox 265 3124 288 3164; x_wconf 81' lang='grc' dir='ltr'><em>ιε</em></span> <span class='ocrx_word' id='word_1_186' title='bbox 304 3092 436 3181; x_wconf 83' lang='grc' dir='ltr'><em>βάροις·</em></span> <span class='ocrx_word' id='word_1_187' title='bbox 453 3086 536 3159; x_wconf 82' lang='grc' dir='ltr'><em>οὐδέ</em></span> <span class='ocrx_word' id='word_1_188' title='bbox 547 3118 578 3159; x_wconf 91' lang='grc' dir='ltr'><em>τι</em></span> <span class='ocrx_word' id='word_1_189' title='bbox 595 3078 638 3177; x_wconf 88' lang='grc' dir='ltr'><em>ήν</em></span> <span class='ocrx_word' id='word_1_190' title='bbox 652 3094 712 3177; x_wconf 84' lang='grc' dir='ltr'><em>γής</em></span> <span class='ocrx_word' id='word_1_191' title='bbox 732 3082 867 3178; x_wconf 85' lang='grc' dir='ltr'><em>μέροςή</em></span> <span class='ocrx_word' id='word_1_192' title='bbox 885 3094 986 3176; x_wconf 89' lang='grc' dir='ltr'><em>κλίμα</em></span> <span class='ocrx_word' id='word_1_193' title='bbox 1006 3085 1156 3173; x_wconf 76' lang='grc' dir='ltr'><em>ούρανοῦ</em></span> <span class='ocrx_word' id='word_1_194' title='bbox 1177 3086 1262 3159; x_wconf 81' lang='grc' dir='ltr'><em>ὅπου</em></span> 
     </span>
     <span class='ocr_line' id='line_1_27' title="bbox 303 3183 1290 3284; baseline -0.001 -23"><span class='ocrx_word' id='word_1_195' title='bbox 303 3192 347 3284; x_wconf 87' lang='grc' dir='ltr'><em>μή</em></span> <span class='ocrx_word' id='word_1_196' title='bbox 363 3191 518 3282; x_wconf 87' lang='grc' dir='ltr'><em>Ῥωμαῖοι</em></span> <span class='ocrx_word' id='word_1_197' title='bbox 537 3189 598 3280; x_wconf 88' lang='grc' dir='ltr'><em>τήν</em></span> <span class='ocrx_word' id='word_1_198' title='bbox 619 3188 724 3280; x_wconf 89' lang='grc' dir='ltr'><em>ιἰρχήν</em></span> <span class='ocrx_word' id='word_1_199' title='bbox 745 3193 921 3275; x_wconf 82' lang='grc' dir='ltr'><em>ἐξέτειναν.</em></span> <span class='ocrx_word' id='word_1_200' title='bbox 973 3193 1006 3273; x_wconf 82' lang='grc' dir='ltr'><em>ἐξ</em></span> <span class='ocrx_word' id='word_1_201' title='bbox 1027 3183 1069 3260; x_wconf 81' lang='grc' dir='ltr'><em>ού</em></span> <span class='ocrx_word' id='word_1_202' title='bbox 1089 3192 1127 3261; x_wconf 73' lang='grc' dir='ltr'><em>δὲ</em></span> <span class='ocrx_word' id='word_1_203' title='bbox 1148 3195 1181 3275; x_wconf 84' lang='grc' dir='ltr'><em>ἐς</em></span> <span class='ocrx_word' id='word_1_204' title='bbox 1202 3190 1290 3262; x_wconf 83' lang='grc' dir='ltr'><em>τδν5</em></span> 
     </span>
     <span class='ocr_line' id='line_1_28' title="bbox 304 3288 1263 3387; baseline -0.002 -20"><span class='ocrx_word' id='word_1_205' title='bbox 304 3294 480 3387; x_wconf 79' lang='grc' dir='ltr'><em>Σεβαστὸν</em></span> <span class='ocrx_word' id='word_1_206' title='bbox 493 3301 678 3385; x_wconf 90' lang='grc' dir='ltr'><em>περιήλθεν</em></span> <span class='ocrx_word' id='word_1_207' title='bbox 695 3292 906 3384; x_wconf 89' lang='grc' dir='ltr'><em>ήμοναρχία,</em></span> <span class='ocrx_word' id='word_1_208' title='bbox 924 3288 1106 3376; x_wconf 86' lang='grc' dir='ltr'><em>Ἰταλιώτας</em></span> <span class='ocrx_word' id='word_1_209' title='bbox 1122 3296 1184 3383; x_wconf 76' lang='grc' dir='ltr'><em>μὲν</em></span> <span class='ocrx_word' id='word_1_210' title='bbox 1200 3296 1263 3365; x_wconf 91' lang='grc' dir='ltr'><em>πό-</em></span> 
     </span>
     <span class='ocr_line' id='line_1_29' title="bbox 305 3394 1265 3489; baseline -0.002 -18"><span class='ocrx_word' id='word_1_211' title='bbox 305 3429 375 3470; x_wconf 85' lang='grc' dir='ltr'><em>νων</em></span> <span class='ocrx_word' id='word_1_212' title='bbox 391 3396 564 3470; x_wconf 79' lang='grc' dir='ltr'><em>ἀπέπαυσε</em></span> <span class='ocrx_word' id='word_1_213' title='bbox 577 3398 633 3465; x_wconf 84' lang='grc' dir='ltr'><em>καὶ</em></span> <span class='ocrx_word' id='word_1_214' title='bbox 646 3404 715 3466; x_wconf 83' lang='grc' dir='ltr'><em>τών</em></span> <span class='ocrx_word' id='word_1_215' title='bbox 731 3394 845 3467; x_wconf 81' lang='grc' dir='ltr'><em>ὅπλων</em></span> <span class='ocrx_word' id='word_1_216' title='bbox 860 3396 1048 3486; x_wconf 88' lang='grc' dir='ltr'><em>ἐγύμνωσε,</em></span> <span class='ocrx_word' id='word_1_217' title='bbox 1064 3399 1212 3489; x_wconf 86' lang='grc' dir='ltr'><em>φρούρια</em></span> <span class='ocrx_word' id='word_1_218' title='bbox 1226 3400 1265 3469; x_wconf 82' lang='grc' dir='ltr'><em>δέ</em></span> 
     </span>
     <span class='ocr_line' id='line_1_30' title="bbox 306 3496 1265 3591; baseline -0.005 -17"><span class='ocrx_word' id='word_1_219' title='bbox 306 3505 362 3574; x_wconf 81' lang='grc' dir='ltr'><em>καὶ</em></span> <span class='ocrx_word' id='word_1_220' title='bbox 376 3501 585 3591; x_wconf 90' lang='grc' dir='ltr'><em>στρατόπεδα</em></span> <span class='ocrx_word' id='word_1_221' title='bbox 599 3506 656 3587; x_wconf 80' lang='grc' dir='ltr'><em>τῆς</em></span> <span class='ocrx_word' id='word_1_222' title='bbox 676 3496 777 3589; x_wconf 80' lang='grc' dir='ltr'><em>ἀρχῆς</em></span> <span class='ocrx_word' id='word_1_223' title='bbox 791 3500 1018 3590; x_wconf 88' lang='grc' dir='ltr'><em>προυβάλετο,</em></span> <span class='ocrx_word' id='word_1_224' title='bbox 1033 3501 1265 3591; x_wconf 89' lang='grc' dir='ltr'><em>μισθοφόρους</em></span> 
     </span>
     <span class='ocr_line' id='line_1_31' title="bbox 271 3603 1266 3695; baseline -0.007 -19"><span class='ocrx_word' id='word_1_225' title='bbox 271 3634 293 3675; x_wconf 78' lang='grc' dir='ltr'><em>ιο</em></span> <span class='ocrx_word' id='word_1_226' title='bbox 309 3609 364 3676; x_wconf 79' lang='grc' dir='ltr'><em>ἐπὶ</em></span> <span class='ocrx_word' id='word_1_227' title='bbox 390 3610 519 3695; x_wconf 72' lang='grc' dir='ltr'><em>ῥητοῖς,</em></span> <span class='ocrx_word' id='word_1_228' title='bbox 529 3609 728 3692; x_wconf 90' lang='grc' dir='ltr'><em>σιτηρεσίοις</em></span> <span class='ocrx_word' id='word_1_229' title='bbox 753 3603 953 3693; x_wconf 88' lang='grc' dir='ltr'><em>στρατιώτας</em></span> <span class='ocrx_word' id='word_1_230' title='bbox 979 3604 1266 3693; x_wconf 89' lang='grc' dir='ltr'><em>καταστησάμενος</em></span> 
     </span>
     <span class='ocr_line' id='line_1_32' title="bbox 310 3702 1266 3796; baseline -0.009 -16"><span class='ocrx_word' id='word_1_231' title='bbox 310 3707 384 3780; x_wconf 85' lang='grc' dir='ltr'><em>άντλ</em></span> <span class='ocrx_word' id='word_1_232' title='bbox 400 3715 532 3796; x_wconf 89' lang='grc' dir='ltr'><em>τείχους</em></span> <span class='ocrx_word' id='word_1_233' title='bbox 544 3714 602 3795; x_wconf 79' lang='grc' dir='ltr'><em>τῆς</em></span> <span class='ocrx_word' id='word_1_234' title='bbox 617 3702 786 3793; x_wconf 88' lang='grc' dir='ltr'><em>Ῥωμαίων</em></span> <span class='ocrx_word' id='word_1_235' title='bbox 806 3703 923 3796; x_wconf 80' lang='grc' dir='ltr'><em>ἀρχῆς·</em></span> <span class='ocrx_word' id='word_1_236' title='bbox 947 3714 1105 3795; x_wconf 79' lang='grc' dir='ltr'><em>ποταμῶν</em></span> <span class='ocrx_word' id='word_1_237' title='bbox 1119 3734 1154 3775; x_wconf 88' lang='grc' dir='ltr'><em>τε</em></span> <span class='ocrx_word' id='word_1_238' title='bbox 1167 3705 1266 3792; x_wconf 82' lang='grc' dir='ltr'><em>μεγέ-</em></span> 
     </span>
     <span class='ocr_line' id='line_1_33' title="bbox 309 3804 1292 3905; baseline -0.008 -22"><span class='ocrx_word' id='word_1_239' title='bbox 309 3824 387 3884; x_wconf 85' lang='grc' dir='ltr'><em>θεσι</em></span> <span class='ocrx_word' id='word_1_240' title='bbox 407 3813 465 3882; x_wconf 84' lang='grc' dir='ltr'><em>καὶ</em></span> <span class='ocrx_word' id='word_1_241' title='bbox 485 3809 624 3901; x_wconf 85' lang='grc' dir='ltr'><em>τάφρων</em></span> <span class='ocrx_word' id='word_1_242' title='bbox 642 3804 664 3899; x_wconf 88' lang='grc' dir='ltr'><em>ή</em></span> <span class='ocrx_word' id='word_1_243' title='bbox 679 3804 769 3902; x_wconf 75' lang='grc' dir='ltr'><em>ὀρῶν</em></span> <span class='ocrx_word' id='word_1_244' title='bbox 789 3808 1025 3905; x_wconf 87' lang='grc' dir='ltr'><em>προβλήμασιν</em></span> <span class='ocrx_word' id='word_1_245' title='bbox 1047 3807 1161 3903; x_wconf 68' lang='grc' dir='ltr'><em>ἐρήμη</em></span> <span class='ocrx_word' id='word_1_246' title='bbox 1179 3833 1220 3876; x_wconf 78' lang='grc' dir='ltr'><em>τε</em></span> <span class='ocrx_word' id='word_1_247' title='bbox 1237 3811 1292 3893; x_wconf 51' lang='lat' dir='ltr'><em>*m</em></span> 
     </span>
    </p>
   </div>
   <div class='ocr_carea' id='block_1_5' title="bbox 0 0 1600 4367">
    <p class='ocr_par' dir='ltr' id='par_1_5' title="bbox 0 0 1600 4367">
     <span class='ocr_line' id='line_1_34' title="bbox 0 0 1600 4367; baseline 0 0"><span class='ocrx_word' id='word_1_248' title='bbox 0 0 1600 4367; x_wconf 95' lang='lat' dir='ltr'><em> </em></span> 
     </span>
    </p>
   </div>
  </div>
 </body>
</html>
