3134 4367
502 1026 775 1090 οιολιοα
805 999 1073 1091 Πρωτοα.

398 1191 461 1295 Ol
473 1234 621 1295 πλεῖστοι
630 1230 698 1295 τῶν
708 1226 784 1315 περὶ
792 1225 1000 1317 συγκομιδήν
1008 1231 1153 1314 ίστορίας
1162 1222 1260 1316 ἀσχο-

307 1332 483 1418 ληθέντων
503 1333 613 1419 ἔργων
632 1356 669 1399 τε
690 1329 793 1400 πάλαι
817 1331 1006 1417 γεγονότων
1026 1329 1159 1419 μνήμην
1178 1327 1259 1400 ἀνα-

307 1430 1259 1523 νεῶσασθαισπουδασάντων,παιδείαςκλέοςάίδιονμνῶ-

306 1564 417 1627 μενοι,
440 1529 484 1615 ῶς
500 1529 543 1605 ἀν
555 1532 600 1624 μή
615 1536 844 1626 σιωπήσαντες
863 1538 1003 1607 λάθοιεν
1022 1539 1055 1616 ἐς
1075 1535 1134 1606 τδν
1152 1534 1261 1607 πολὺν

275 1667 289 1708 ε
306 1638 424 1730 ὅμιλον
437 1636 698 1728 ἀριθμούμενοι,
711 1646 770 1729 τής
781 1640 844 1730 μὲν
863 1639 1024 1729 ἀληθείας
1038 1642 1075 1709 ἐν
1087 1655 1158 1720 ταῖς
1171 1638 1259 1729 ἀφη-

307 1743 444 1833 γήσεσιν
469 1738 704 1831 ῶλιγῶρησαν,
726 1740 786 1832 οὐχ
805 1740 923 1833 ήκιστα
943 1743 981 1814 δέ
1006 1742 1260 1833 ἐπεμελήθησαν

307 1843 460 1935 φράσεῶς
472 1872 510 1914 τε
528 1847 584 1915 καὶ
604 1843 789 1935 εὐφωνίας,
803 1853 1010 1937 θαρροῦντες
1029 1841 1089 1934 ῶς,
1105 1858 1139 1917 εί
1152 1874 1184 1916 τι
1204 1848 1261 1916 καὶ

305 1954 464 2040 μυθῶδες
482 1951 629 2036 λέγοιεν,
648 1947 686 2018 τὸ
709 1950 771 2039 μὲν
792 1946 858 2039 ήδδ
877 1957 935 2041 τής
957 1948 1145 2039 ἀκροάσεως
1163 1948 1260 2021 αὐτοὶ

304 2052 555 2143 καρπώσονται,
571 2051 609 2122 τδ
624 2049 655 2122 δ’
671 2050 807 2144 ἀκριβὲς
819 2059 877 2144 τής
896 2054 1072 2138 ἐξετάσεως
1089 2052 1151 2124 οὐκ
1165 2056 1257 2141 ἐλεγ-

263 2183 288 2223 ιο
305 2158 476 2246 χθήσεται.
530 2158 595 2225 είσλ
617 2150 650 2225 δ’
674 2164 709 2226 οἳ
726 2155 809 2248 πρὸς
831 2164 959 2246 ἔχθραν
980 2153 1001 2248 ή
1021 2172 1115 2247 μῖσος
1133 2156 1286 2246 τυράν·λ

304 2289 391 2347 νων,
411 2267 590 2330 κολακείαν
610 2287 645 2328 τε
665 2254 687 2349 ή
704 2258 804 2350 τιμήν
823 2264 989 2349 βασιλέων
1008 2260 1135 2343 πόλεῶς
1151 2263 1257 2331 τεκαὶ

304 2369 466 2448 ἰδιωτῶν,
488 2360 607 2452 εὐτελῆ
624 2365 682 2432 καί
700 2361 803 2454 μικρά
822 2370 903 2455 ἔργα
922 2364 1033 2452 λόγων
1055 2361 1156 2455 ἀρετή
1177 2364 1256 2454 δόξη
1283 2421 1287 2431 .

304 2469 494 2557 παρέδοσαν
514 2471 571 2555 τής
592 2463 753 2556 ἀληθείας
772 2474 908 2558 μείζονι.
961 2464 1026 2555 ἐγῶ
1048 2467 1085 2536 δέ
1109 2472 1286 2555 ίστορίανς

304 2568 344 2640 οὗ
362 2566 443 2660 παρ’
464 2566 576 2639 ἀλλων
590 2566 834 2659 ἀποδεξάμενος
847 2568 1020 2657 ἀγνωστόν
1032 2596 1068 2638 τε
1080 2571 1136 2638 καὶ
1149 2566 1254 2659 ἀμάρ-

263 2709 287 2750 15
303 2701 422 2764 τυρον,
443 2667 510 2742 ὑπὸ
532 2678 637 2763 νεαρᾷ
658 2672 696 2742 δέ
716 2678 758 2761 τῇ
776 2678 845 2742 τῶν
866 2672 1111 2761 ἐντευξομένων
1131 2673 1254 2764 μνήμη,

302 2774 383 2865 μετά
407 2775 514 2865 πάσης
533 2772 704 2864 ἀκριβείας
728 2773 874 2866 ήθροισα
900 2778 933 2857 ἐς
958 2775 1171 2867 συγγραφήν,
1193 2774 1254 2847 οὐκ

301 2877 426 2968 ἀτερπή
439 2876 501 2968 τήν
514 2884 641 2966 γνῶσιν
653 2882 790 2961 καὶτοῖς
803 2876 944 2971 ὕστερον
957 2886 1093 2949 ἔσεσθαι
1109 2887 1252 2973 προσδο-

302 2983 403 3074 κήσας
417 2988 526 3073 ἔργων
538 2982 693 3071 μεγάλων
711 2986 817 3054 τεκαὶ
831 2990 965 3054 πολλῶν
977 2986 1015 3053 ἐν
1028 2980 1129 3078 ὀλίγῳ
1144 2985 1253 3079 χρόνῳ

302 3087 502 3176 γενομένων.
556 3092 587 3155 εί
603 3092 688 3173 γοῦν
708 3116 758 3168 τις
776 3087 964 3177 παραβάλοι
984 3086 1091 3156 πάντα
1110 3086 1169 3158 τὸν
1186 3087 1283 3159 άπδ4

261 3213 287 3253 οι
304 3196 363 3260 τοῦ
382 3194 558 3278 Σεβαστοῦ
582 3189 719 3280 χρόνον,
741 3193 779 3273 ἐξ
798 3180 902 3280 οὗπερ
922 3186 943 3280 ή
959 3185 1126 3280 Ῥωμαίων
1147 3197 1250 3263 δυνα-

302 3300 396 3363 στεία
412 3295 592 3383 μετέπεσεν
605 3296 643 3374 ἐς
650 3301 844 3385 μοναρχίαν,
863 3292 926 3363 οὐκ
946 3287 989 3362 ἀν
1009 3289 1101 3384 εῧροι
1114 3297 1152 3365 ἐν
1165 3302 1251 3366 ἐτεσι
1313 3361 1318 3380 ,

301 3405 381 3488 περί
400 3423 466 3467 που
482 3401 663 3477 διακοσίοις
674 3399 768 3489 μέχρι
782 3403 850 3468 τῶν
870 3397 1016 3485 Μάρκου
1034 3404 1161 3489 καιρῶν
1174 3397 1250 3468 οὕτε

300 3505 480 3589 βασιλειῶν
493 3496 600 3578 οὕτως
613 3501 817 3594 ἐπαλλήλους
831 3499 996 3588 διαδοχάς,
1008 3498 1085 3571 οὔτε
1098 3503 1251 3588 πολέμων

300 3608 475 3694 ἐμφυλίων
499 3631 535 3673 τε
562 3602 618 3671 καί
643 3605 748 3686 ξένων
768 3604 867 3692 τύχας
890 3612 1056 3690 ποικίλας,
1082 3608 1194 3673 ἐθνῶν
1214 3631 1250 3674 τε

259 3736 285 3778 ω
303 3708 450 3799 κινήσεις
469 3708 526 3777 κοιλ
538 3706 670 3777 πόλεων
685 3702 826 3794 ἀλῶσεις
844 3713 914 3782 τῶν
933 3736 970 3781 τε
993 3710 1028 3781 ἐν
1048 3700 1278 3868 τήρὲηρεδαπὶχ
