3134 4367
303 416 364 479 152
715 420 858 479 ΕΚΤΟΝ

299 592 396 680 ἕτερα
414 595 536 680 χωρία,
558 588 805 679 ἐπιτηδειότερα
825 596 989 660 δοκοῦντα
1010 583 1201 675 εἶναιπρὸς
1221 584 1256 655 τό

302 692 447 764 κωλύειν
460 692 518 774 τάς
531 699 600 762 τῶν
612 692 794 783 βαρβάρων
807 692 997 781 ἐπιδρομάς.

272 806 292 866 5
402 796 533 866 τούτων
549 795 592 884 δὴ
606 794 697 889 αύτῷ
711 798 970 884 διοικηθέντων,
985 802 1041 882 τῆς
1054 821 1090 863 τε
1103 799 1256 883 στρατιᾶς

243 971 251 980 ,
300 907 523 988 παμπληθοῶς
553 901 827 988 συνειλεγμένης,
855 894 909 968 ότι
935 896 978 986 δὴ
1009 895 1176 966 ἀντίπαλα
1202 898 1256 966 καὶ

300 1001 463 1090 ἰσόρροποι
473 999 569 1095 ῶήθη
584 1001 723 1072 εἶναιτὰ
737 1004 859 1072 ἑαυτοῦ
873 1001 1102 1090 στρατεύματα
1111 1007 1158 1092 τῷ
1172 999 1256 1088 πλή-
1270 1025 1280 1065 ε

298 1115 357 1174 θει
374 1113 441 1176 τῶν
454 1105 643 1194 βαρβάρων,
655 1105 861 1194 σκεψάμενος
874 1103 940 1173 σύν
948 1121 1016 1185 τοῖς
1026 1112 1139 1192 φίλοις
1148 1109 1257 1191 ἔνειμε

298 1206 336 1277 τό
357 1206 593 1299 στρατιωτικόν
615 1212 648 1289 ἐς
669 1225 757 1299 τρεῖς
777 1216 912 1298 μοίρας,
933 1209 990 1276 καὶ
1010 1206 1072 1296 τὴν
1091 1206 1155 1295 μὲν
1177 1213 1257 1293 μίαν

299 1312 451 1381 ἐκέλευσε
466 1309 550 1402 πρὸς
561 1309 602 1380 τά
616 1309 749 1405 ἀρκτῶα
762 1314 846 1401 μέρη
864 1307 1057 1401 ἀφορῶσαν,
1078 1306 1124 1379 δι’
1141 1305 1257 1398 Ἀρμε-

299 1420 374 1495 νίας
393 1417 605 1485 ἐπελθοῦσαν
628 1423 745 1502 φιλίου
765 1412 936 1503 Ῥωμαίοις
956 1413 1137 1502 δοκούσης,
1155 1439 1256 1482 κατα-

269 1519 428 1606 κτρέχειν
450 1514 511 1606 τὴν
531 1517 665 1607 Μήδων
686 1518 814 1608 χῶραν·
835 1516 897 1606 τὴν
920 1516 958 1586 δὲ
986 1517 1102 1605 ἑτέραν
1129 1522 1254 1604 έπεμψε
1272 1540 1292 1581 ιι

300 1617 383 1710 πρὸς
393 1617 433 1689 τὰ
446 1622 513 1713 ἑῷα
525 1625 608 1712 μέρη
623 1628 680 1708 τῆς
693 1621 867 1710 βαρβάρου
882 1627 942 1709 γῆς
955 1622 1156 1708 βλέπουσαν,
1172 1625 1256 1689 ἔνθα

300 1726 503 1814 συρρέοντας
516 1722 575 1794 τόν
594 1730 739 1815 Τίγρητα
753 1728 810 1795 καλ
829 1723 888 1793 τὸν
907 1719 1094 1811 Εὐφράτην
1109 1725 1169 1809 ἕλη
1191 1748 1256 1791 πυ-

300 1826 445 1895 κνότατα
458 1823 835 1917 ύποδέχεσθαιλέμουσι,
845 1825 1092 1898 καὶλανθάνειν
1098 1832 1256 1914 ποταμῶν

300 1930 440 2022 ἐκείνων
453 1929 567 2017 μόνων
582 1927 638 2000 διά
652 1937 750 1999 τοῦτο
765 1929 823 2011 τάς
836 1929 988 2019 ἐκβολάς·
1006 1926 1067 2016 τὴν
1082 1928 1120 1997 δέ
1139 1936 1256 2018 τρίτην

297 2046 420 2120 μοῖραν
449 2034 506 2102 καὶ
528 2031 766 2121 γενναιοτάτην
787 2041 847 2102 τοῦ
874 2039 1018 2121 στρατοῦ
1045 2028 1146 2111 αὐτὸς
1172 2038 1256 2119 έχων
1272 2060 1292 2102 ιι

297 2129 458 2221 ὑπέσχετο
473 2134 605 2218 ἐπάξειν
617 2150 686 2215 τοῖς
699 2135 881 2225 βαρβάροις
893 2133 978 2205 κατά
994 2137 1098 2223 μέσην
1111 2132 1175 2221 τὴν
1195 2162 1256 2204 πο-

299 2244 404 2323 ρείαν.
433 2234 521 2306 οὕτω
535 2236 599 2329 γάρ
614 2234 696 2332 ᾤετο
714 2238 888 2328 διαφόροις
902 2238 1038 2326 ἐφόδοις
1058 2235 1257 2326 ἀφυλάκτως

297 2342 404 2409 τεκαὶ
418 2336 613 2430 ἀπροόπτως
633 2338 747 2423 αύτοῖς
764 2339 1022 2429 ἐπελεύσεσθαι,
1038 2342 1095 2411 καὶ
1112 2339 1150 2411 τό
1170 2348 1256 2430 πλῆ-

297 2452 361 2523 θος
376 2449 444 2513 τῶν
456 2450 600 2532 Περσῶν
618 2442 671 2515 ἀεὶ
684 2444 768 2537 πρός
787 2444 867 2526 τούς
887 2445 1040 2524 ἐπιόντας
1060 2444 1256 2533 διαιρούμε-

298 2573 361 2616 νον
374 2544 616 2638 ἀσθενέστερόν
630 2577 665 2619 τε
685 2555 822 2620 ἔσεσθαι
836 2551 892 2619 καλ
906 2546 1125 2635 ἀτακτότερον
1138 2564 1254 2635 μαχεῖ·
1271 2578 1296 2619 ιο

268 2660 392 2729 3σθαι.
444 2648 486 2721 ού
506 2650 569 2741 γάρ
584 2650 626 2741 δὴ
639 2653 862 2743 μισθοφόροις
878 2658 1022 2741 χρῶνται
1041 2650 1257 2738 στρατιώταις

299 2757 336 2820 οί
345 2751 510 2843 βάρβαροι
523 2751 634 2845 ῶσπερ
649 2754 812 2845 Ῥωμαῖοι,
827 2753 908 2826 ούδέ
920 2754 1128 2840 στρατόπεδα
1143 2762 1256 2842 έχουσι

298 2863 489 2925 συνεστῶτα
501 2860 557 2925 καλ
571 2862 730 2945 μένοντα,
745 2862 893 2946 πολέμου
905 2861 1034 2946 τέχναις
1047 2860 1256 2946 ἐγγεγυμνα-

298 2958 417 3045 σμένα·
433 2954 517 3028 ἀλλά
530 2967 598 3028 πᾶν
617 2957 655 3029 τό
674 2968 804 3048 πλῆθος
827 2968 895 3029 τῶν
917 2957 1068 3049 ἀνδρῶν,
1090 2957 1166 3030 ἔσθ’
1189 2956 1255 3052 όπη

297 3061 354 3128 καὶ
366 3067 435 3130 τῶν
447 3069 636 3149 γυναικῶν,
652 3061 735 3132 ἐπάν
753 3062 895 3154 κελεύση
909 3063 1082 3152 βασιλεύς,
1096 3060 1254 3153 ἀθροίζε·
1269 3094 1292 3136 ιι

297 3188 361 3231 ται.
390 3167 610 3245 διαλυθέντος
624 3165 662 3234 δέ
675 3173 735 3235 τοῦ
753 3170 900 3254 πολέμου
913 3171 1049 3247 ἕκαστος
1063 3170 1096 3246 ἐς
1112 3165 1153 3236 τά
1173 3170 1255 3237 ἑαυ-

298 3272 359 3334 τοῦ
383 3268 611 3355 ἐπανέρχεται,
627 3276 786 3339 τοσοῦτον
806 3266 1036 3360 ἀποκερδησας
1062 3266 1123 3339 ὅσα
1150 3265 1194 3340 ἀν
1221 3274 1253 3353 ἐξ

266 3380 285 3434 4
299 3362 449 3457 ἁρπαγῆς
461 3368 552 3463 αὐτῷ
566 3372 788 3460 περιγένηται.
823 3374 927 3456 τόξοις
943 3402 979 3444 τε
993 3374 1049 3442 καὶ
1063 3378 1176 3455 ἵπποις
1190 3370 1254 3443 ούιι

296 3474 330 3551 ές
342 3468 379 3541 τὸ
393 3480 549 3564 πολεμεῖν
562 3474 666 3563 μόνον
681 3483 827 3565 χρῶνται
851 3474 961 3567 ῶσπερ
983 3472 1153 3565 Ῥωμαῖοι,
1177 3473 1251 3546 ἀλλ’

295 3578 332 3645 ἐκ
352 3580 483 3646 παίδων
503 3574 568 3646 σύν
588 3574 701 3659 αύτοϊς
724 3576 990 3670 ἀναστρέφονται
1009 3582 1066 3649 καὶ
1079 3588 1253 3671 θηρῶντες
1268 3618 1293 3660 η

295 3683 497 3769 διαιτῶνται,
505 3677 583 3751 οὕτε
592 3680 650 3764 τάς
660 3687 826 3775 φαρέτρας
836 3684 915 3755 ποτὲ
923 3680 1160 3771 ἀποτιθέμενοι
1174 3680 1252 3754 οὔτε
