3134 4367
547 466 559 496 ι
618 435 837 497 ΕΒΔΟΜΟΝ
1148 438 1206 499 171

246 616 364 678 ελθεῖν
388 606 579 697 θελόντων,
604 614 639 678 οί
659 610 696 679 ἐκ
715 613 784 678 τῶν
809 602 924 697 άγρῶν
943 606 1209 699 κατεληλυθότες

246 710 494 802 προβαλόμενοι
515 709 556 781 τά
577 739 614 782 τε
634 711 718 795 ξύλα
739 713 797 783 καί
817 709 896 791 τούς
914 713 1082 801 πελέκεις,
1101 710 1208 804 ὑπερ-

246 814 430 904 μαχόμευοι
449 820 518 883 τῶν
538 820 725 903 δεσποτῶν,
749 813 829 895 τοὺς
850 810 1063 896 ἀνθεστῶτας
1083 819 1208 909 ῥηιδίως

247 920 441 1007 ἐτρέψαντο.
476 913 565 987 ούτω
586 916 629 1007 δη
652 918 929 1008 προχωρήσαντος
949 925 1011 989 τοῦ
1034 924 1152 1007 ἔργου,
1175 926 1235 991 οί5

250 1028 425 1092 νεανίσκοι
442 1017 528 1104 άπαξ
548 1023 585 1092 ἐν
605 1019 794 1111 ἀπογνώσει
815 1020 989 1110 γενόμενοι
1005 1021 1114 1111 μόνην
1128 1018 1209 1111 ᾔδε-

246 1145 310 1196 σαν
324 1126 456 1205 ἑαυτοῖς
470 1132 639 1215 σωτηρίαν
651 1122 888 1216 ὑπάρχουσαν,
903 1131 936 1194 εί
945 1123 988 1195 τά
999 1126 1207 1213 τολμηθέντα

247 1223 363 1309 αύτοτς
384 1224 565 1316 αύξήσαιεν
586 1236 696 1318 ἔργοις
721 1236 847 1318 μείζοσι
873 1229 930 1299 καί
955 1226 1124 1300 κοινωνόν
1149 1235 1211 1298 τοῦ

247 1330 414 1402 κινδύνου
436 1329 496 1401 τὸν
517 1328 708 1421 ἡγούμενον
733 1339 794 1404 τοῦ
822 1338 947 1413 ἔθνους
972 1331 1210 1423 παραλάβοιεν,

247 1440 317 1505 πᾶν
334 1460 370 1504 τε
384 1425 422 1504 τό
435 1440 535 1516 ἔθνος
544 1431 762 1505 άναπείσαιεν
771 1438 805 1515 ἐς
818 1431 1018 1505 άπόατασιν·
1034 1432 1116 1525 ὅπερ
1130 1431 1211 1524 ᾔδε-

247 1558 312 1609 σαν
325 1537 428 1607 πάλαι
446 1537 509 1627 μὲν
530 1535 688 1627 εὔχεσθαι
709 1546 799 1627 μίσει
820 1542 1032 1626 Μαξιμίνου,
1055 1538 1152 1630 φόβῳ
1174 1538 1212 1608 δὲ

247 1640 453 1711 κωλύεσθαι.
480 1639 547 1711 σὺν
559 1643 660 1711 παντί
674 1649 793 1711 τοίνυν
812 1647 859 1733 τῷ
878 1640 1002 1730 πλήθει
1023 1638 1087 1729 ἤδη
1104 1660 1239 1730 μιαν-λ

247 1742 369 1832 ζούσης
381 1739 505 1833 ἡμέρας
525 1748 659 1815 ἐπίασιν
676 1747 730 1815 ἐπὶ
750 1741 813 1831 τὴν
833 1751 895 1813 τοῦ
915 1741 1209 1826 άνθυπατεύοντος

247 1851 370 1918 οἰκίαν.
397 1846 584 1937 Γορδιανὸς
596 1848 659 1937 μέν
671 1838 715 1936 ἦν
729 1843 852 1937 ὄνομα,
866 1847 980 1939 κλήρῳ
994 1846 1056 1935 μὲν
1070 1844 1133 1937 την
1148 1844 1210 1918 άν-

247 1957 440 2021 θυττατείαν
453 1951 575 2040 λαγῶν,
584 1950 772 2041 πρεσβύτης
785 1951 823 2021 δέ
836 1954 870 2031 ἐς
883 1958 956 2031 ἔτος
970 1946 1035 2039 ἤδη
1049 1958 1130 2041 περί
1143 1978 1210 2022 που

250 2050 478 2143 ὀγδοηκοστὸν
498 2055 682 2143 ἐληλακῶς,
702 2061 838 2126 πολλῶν
861 2055 898 2125 δέ
923 2053 1090 2144 πρότερον
1110 2051 1210 2146 άρξας

247 2159 364 2228 ἐθνῶν
377 2163 415 2227 ἔν
430 2184 467 2227 τε
480 2158 617 2247 πράξεσι
632 2165 801 2248 μεγίσταις
821 2160 1017 2240 ἐξετασθείς.
1048 2154 1132 2229 ὅθεν
1146 2154 1210 2228 αύ-

247 2377 439 2452 ιιορυφαῑον
452 2366 544 2445 τέλος
556 2371 625 2434 τῶν
640 2367 898 2454 προγενομένων
911 2365 1082 2453 πράξεων,
1096 2363 1158 2452 τήν
1174 2392 1210 2433 τε

247 2465 438 2557 σύγκλητον
456 2470 513 2538 καὶ
539 2464 784 2557 τόνῬωμαίων
810 2473 917 2556 δῆμον
946 2463 1096 2554 άσμένως
1118 2468 1211 2549 δόξε-

248 2580 334 2641 σθαι
355 2566 464 2660 ἄνδρα
484 2561 524 2640 εύ
544 2570 706 2660 γεγονότα
725 2572 782 2641 καί
808 2574 845 2640 ἔκ
866 2576 1001 2640 πολλῶν
1020 2564 1210 2657 ἡγεμονιῶν

248 2670 364 2763 ῶσπερ
377 2670 451 2744 κατ’
467 2670 677 2744 ἀκολουθίαν
686 2675 741 2743 ἐπὶ
754 2678 852 2743 τοῦτο
861 2671 1015 2742 ἐλθόντα.
1030 2672 1210 2759 συνέβαινε
1224 2700 1243 2753 3

248 2778 287 2858 δὲ
300 2779 434 2865 ἐκείνης
446 2784 505 2865 τῆς
521 2774 661 2867 ἡμέρας,
675 2766 715 2865 ἦς
732 2782 837 2846 ταῦτα
850 2774 1037 2865 ἐπράττετο,
1052 2784 1137 2846 οίκοι
1151 2775 1211 2848 τόν

247 2877 440 2968 Γορδιανδν
460 2885 645 2971 διατρίβειν
658 2876 872 2969 ἡσυχάζοντα,
889 2877 1059 2949 δεδωκότα
1069 2894 1138 2962 τοῖς
1150 2908 1212 2951 κα-

247 2982 366 3073 μάτοις
379 2980 578 3055 άνάπαυλαν
591 2981 713 3075 άργίαν
722 3012 757 3054 τε
767 2998 838 3063 ταῖς
851 2981 1020 3072 πράξεσιν.
1036 2988 1071 3052 οί
1082 2982 1120 3052 δέ
1132 3010 1212 3053 νεα-

250 3093 365 3158 νίσκοι
387 3086 538 3176 ξιφήρεις
565 3086 631 3158 σύν
652 3090 752 3157 παντὶ
779 3094 825 3179 τῷ
852 3086 998 3174 πλήθει,
1014 3086 1211 3175 βιασάμενοι

248 3187 331 3271 τούς
343 3206 416 3271 ταῖς
435 3187 585 3272 αὐλείαις
603 3194 808 3279 ἐφεστῶτας,
830 3189 1089 3277 εἰσπηδήσαντες
1107 3218 1211 3261 κατα-

249 3292 484 3383 λαμβάνουσιν
505 3291 610 3363 αύτδν
633 3297 691 3363 ἐπί
705 3321 795 3375 τινος
815 3297 1017 3380 σκιμποδίου
1038 3289 1212 3365 άναταυό-

248 3424 373 3485 μενον,
395 3396 610 3485 περιστάντες
638 3396 676 3466 δὲ
699 3397 845 3485 χλαμύδι
870 3402 1033 3487 πορφυρᾷ
1049 3397 1212 3486 περιβάλ-

249 3508 350 3572 λουσι
366 3506 560 3588 σεβασμίαις
573 3526 609 3569 τε
621 3515 730 3588 τιμαῖς
742 3497 1061 3589 προσαγορεύουσιν.
1076 3494 1147 3570 δδέ
1160 3506 1208 3592 τηῐ
1224 3522 1243 3575 4

251 3602 432 3693 παραδόξῳ
445 3610 506 3673 τοῦ
522 3602 711 3693 πράγματος
725 3604 917 3693 ἐκπλαγείς,
931 3604 1074 3692 ἐνέδραν
1087 3604 1151 3670 καὶ.
1160 3623 1228 3666 συ-

246 3704 372 3787 mvv'ff
382 3707 420 3785 ἔξ
426 3708 609 3797 ἐπιβουλῆς
629 3705 716 3780 καθ’
736 3710 868 3783 ἑαυτοῦ
883 3692 1260 3802 νομίζων,δίδοιεδθὼ

246 3807 492 3891 mammos
504 3814 542 3895 ἐς
555 3820 628 3907 γῆν
643 3816 780 3894 ἑαυτὸν
797 3821 918 3895 ἐδεῖτο
929 3817 1142 3912 φείδεσθαι
1152 3796 1293 3887 ἳέΨ
