3134 4367
667 424 887 486 ΠΕΜΠΤΟΝ
1093 475 1096 480 .
1195 424 1255 487 137
1344 449 1346 454 ·

403 594 494 685 πλὴν
505 604 612 666 καίτοι
624 596 778 687 χορεύειν
792 592 844 665 άεὶ
857 596 913 664 καὶ
927 601 1114 687 ἱερουργεῖν
1128 604 1250 688 δοκῶν,
1265 599 1285 661 6

302 704 480 780 πλείστους
493 696 666 770 ἀπέκτεινε
685 707 753 768 τῶν
773 698 919 781 ἐνδόξων
936 727 971 769 τε
996 703 1053 770 καί
1072 709 1254 791 πλουσίων,

300 805 547 892 διαβληθέντας
560 799 650 896 αύτῷ
661 798 705 883 ὥς
718 799 1008 891 άπαρεσκομένους
1019 805 1074 873 καὶ
1082 804 1255 876 σκάπτον-

301 934 359 987 τας
374 902 481 976 αὐτοῦ
494 905 553 976 τόν
567 913 653 994 βίον.
680 902 822 994 ἠγάγετο
836 905 873 974 δὲ
887 921 1031 994 γυναῖκα
1045 904 1106 994 τὴν
1119 904 1255 996 εύγενε-

281 1008 426 1097 εστάτηυ
437 1005 616 1097 Ῥωμαίων,
627 1005 670 1097 ἢν
682 1007 847 1096 σεβαστην
856 1004 1084 1098 ἀναγορεύσας
1097 1008 1167 1098 μετ’
1183 1008 1256 1081 ὀλί-

301 1140 363 1199 γον
375 1112 499 1202 χρόνον
513 1109 737 1200 ἀπεπέμψατο,
748 1114 934 1181 ἰδιωτεύειν
948 1112 1106 1194 κελεύσας
1120 1115 1257 1183 καὶτῶν

300 1222 406 1304 τιμῶν
420 1214 653 1304 παρελόμενος.
679 1211 750 1303 μετ’
775 1218 908 1304 ἐκείνην
930 1216 968 1285 δὲ
986 1216 1287 1305 προσποιησάμεε

300 1345 358 1399 νος
374 1320 468 1407 έράν,
484 1322 539 1387 ἵνα
553 1316 595 1406 δη
609 1320 664 1387 καὶ
680 1317 797 1387 τάτῶν
811 1314 946 1406 ἀνδρῶν
962 1317 1119 1408 πράττειν
1128 1325 1256 1409 δοκοίη,

300 1423 476 1509 παρθένου
491 1428 531 1510 τῇ
547 1418 717 1509 Ῥωμαίων
730 1417 840 1512 Ἑστίᾳ
854 1424 1034 1510 ἱερωμένης
1049 1418 1206 1510 ἁγνεύειν
1221 1451 1257 1493 τε

267 1561 287 1601 1⁰
300 1522 383 1614 πρός
400 1531 468 1593 τῶν
481 1529 583 1613 ἱερῶν
599 1524 713 1612 νόμων
726 1526 945 1611 κελευομένης
959 1527 1014 1593 καί
1033 1528 1128 1614 μέχρι
1142 1528 1257 1608 τέλους

299 1634 360 1697 τοῦ
393 1633 473 1716 βίου
509 1626 800 1716 παρθενεύεσθαι,
834 1623 1026 1708 ἀποσπάσας
1058 1625 1165 1716 αὐτὴν
1199 1636 1257 1716 της

296 1726 422 1811 Ἑστίας
447 1732 585 1800 καὶτοῦ
615 1736 708 1817 ἱεροῦ
732 1736 951 1817 παρθενωνος
977 1746 1119 1816 γυναῖκα
1147 1737 1255 1821 ἔθετο,

299 1836 487 1914 ἐπιστείλας
506 1825 547 1923 τῇ
567 1832 742 1926 συγκλήτῳ
762 1834 819 1901 καὶ
837 1828 1164 1922 παραμυθησάμενος
1178 1831 1257 1905 ἀσέ-

300 1936 390 2025 βημά
404 1964 440 2005 τε
454 1938 510 2006 καὶ
524 1933 698 2026 ἁμάρτημα
711 1941 926 2024 τηλικοῦτον,
948 1935 1058 2025 φήσας
1079 1933 1256 2026 ἀνθρωπι-

264 2073 285 2113 15
301 2040 362 2110 vo'v
376 2068 407 2108 τι
421 2042 629 2109 πεπονθέναι
645 2039 769 2120 πάθος
787 2046 883 2130 έρωτι
893 2036 956 2128 γάρ
970 2046 1027 2127 τῆς
1041 2039 1141 2130 κόρης
1150 2042 1256 2111 ἑάλω-

299 2146 405 2230 κέναι,
420 2138 603 2232 άρμόζοντά
616 2170 652 2211 τε
662 2144 718 2211 καὶ
726 2142 906 2230 σεβάσμιον
921 2142 1006 2211 εἱναι
1021 2143 1127 2232 γάμου
1143 2148 1257 2230 ἱερέως

299 2249 404 2316 τεκαὶ
420 2250 551 2335 ἱερείας.
568 2243 656 2333 πλὴν
669 2247 725 2315 καὶ
738 2245 865 2333 ταύτην
878 2236 922 2314 αύ
936 2242 1007 2334 μετ’
1025 2244 1066 2315 ού
1077 2246 1164 2316 πολύ
1174 2245 1257 2317 άπε-

299 2352 468 2437 πέμψατο,
484 2355 599 2438 τρίτην
614 2348 651 2417 δὲ
671 2348 772 2418 πάλιν
790 2345 949 2438 ἠγάγετο,
965 2345 1202 2441 ἀναφέρουσαν
1218 2350 1255 2420 τό

299 2455 395 2541 γένος
408 2456 442 2532 ἐς
456 2452 647 2541 Κόμμοδον.

259 2572 285 2613 ²⁰
402 2562 511 2638 ἔπαιζε
525 2556 562 2624 δὲ
577 2554 704 2644 γάμους
717 2550 759 2622 ού
778 2551 885 2641 μόνον
899 2550 1148 2641 ἀνθρωπείους,
1169 2548 1252 2621 ἀλλά
1267 2562 1286 2616 3

297 2659 354 2728 καὶ
367 2650 555 2752 τῷιθεῷ,ᾦ
576 2657 743 2745 ίεράτευε,
762 2671 905 2743 γυναῖκα
926 2654 1044 2745 ἐζήτει·
1066 2657 1121 2723 καί
1143 2661 1201 2742 τῆς
1220 2683 1255 2725 τε

296 2761 474 2842 Παλλάδος
490 2760 526 2831 τὸ
541 2754 713 2848 άγαλμα,δ
727 2757 877 2847 κρυπτὸν
891 2760 947 2827 καὶ
961 2756 1106 2846 ἀόρατον
1118 2760 1255 2847 σέβουσι

293 2860 462 2952 Ῥωμαῖοι,
478 2867 511 2945 ἐς
529 2862 589 2933 τὸν
609 2865 731 2933 ἑαυτοῦ
752 2860 907 2950 θάλαμον
927 2861 1107 2950 μετήγαγε·
1134 2864 1190 2931 καὶ
1209 2861 1254 2950 μὴ

297 2968 441 3056 κινηθὲν
461 2970 493 3049 ἐξ
515 2958 620 3056 οὗπερ
640 2957 748 3055 ἦλθεν
768 2960 833 3034 άπὸ
846 2962 962 3054 Ἰλίου,
983 2972 1014 3035 εί
1029 2964 1074 3054 μὴ
1096 2960 1151 3034 ὅτε
1173 2968 1256 3055 πυρὶ

255 3095 281 3135 νε
297 3071 510 3159 κατεφλέχθη
525 3067 541 3139 ὁ
560 3069 660 3157 νεώς,
675 3073 829 3157 ἐκίνησεν
843 3058 957 3156 ούτος,
973 3071 1029 3138 καὶ
1048 3066 1130 3157 πρὸς
1148 3068 1255 3159 γάμον

297 3170 340 3261 δη
354 3176 387 3255 ἐς
401 3172 464 3262 την
484 3180 655 3260 βασίλειον
674 3169 782 3259 πύλην
803 3179 848 3264 τῷ
868 3179 939 3263 θεῷ
961 3169 1117 3260 ἀνήγαγε.
1146 3173 1284 3260 φήσας4

296 3276 335 3345 δὲ
345 3273 596 3368 άπαρέσκεσθαι
610 3272 714 3345 αύτὸν
728 3272 772 3355 ὡς
785 3274 891 3345 πάντα
907 3278 943 3344 ἐν
956 3271 1070 3356 ὅπλοις
1083 3276 1138 3344 καὶ
1153 3284 1254 3345 πολε-

295 3385 378 3469 μικῇ
405 3386 495 3472 θεῷ,
519 3386 577 3467 τῆς
599 3376 769 3466 Ούρανίας
796 3377 833 3447 τὸ
859 3376 988 3467 άγαλμα
1015 3382 1253 3467 μετεπέμψατο,

296 3482 467 3572 σεβόντων
481 3479 563 3551 αύτὸ
585 3477 767 3569 ὑπερφυῶς
787 3488 1028 3570 Καρχηδονίων
1053 3509 1087 3550 τε
1109 3484 1166 3551 καί
1187 3488 1256 3552 τῶν

257 3614 282 3655 ω
297 3584 382 3655 κατά
396 3584 458 3675 την
471 3585 604 3673 Λιβύην
618 3580 819 3672 ἀνθρώπων.
835 3586 917 3670 φασὶ
932 3585 969 3653 δὲ
984 3579 1066 3654 αύτὸ
1082 3582 1177 3654 Amo)
1193 3582 1255 3670 τὴν

297 3696 482 3759 Φοίνισσαν
504 3687 722 3777 ἱδρύσασθαι,
744 3682 799 3755 ὅτε
821 3685 863 3774 δὴ
882 3684 944 3776 τὴν
960 3683 1101 3776 ἀρχαίαν
1121 3694 1255 3773 Καρχη-
1358 3694 1363 3705 ’

297 3791 382 3862 δόνα
395 3792 495 3862 πόλιν
509 3798 632 3881 ἔκτισε,
645 3789 778 3884 βύρσαν
792 3796 1039 3883 κατατεμοῦσα.
1067 3794 1195 3875 Λίβυες
1208 3786 1272 3871 μευ
