3134 4367
324 426 384 489 166
689 425 911 488 ΕΒΔΟΜΟΝ

323 611 478 674 πλειστον
497 601 555 670 καί
575 602 717 683 τοξοτῶν
738 596 930 688 Ὀσροηνῶυ
949 624 986 668 τε
1009 600 1067 669 καὶ
1086 595 1280 689 Ἀρμενίων,

325 697 374 775 ῶν
386 697 473 794 ἦσαν
487 704 591 794 οΐμέν
606 700 749 791 ὑπήκοοι
765 710 801 773 οδ
812 703 849 772 δέ
864 710 957 791 φίλοι
970 702 1026 771 καὶ
1040 701 1217 791 σύμμαχοι,
1228 705 1282 773 καὶ

326 818 360 879 εί
369 835 457 890 τινες
468 813 681 893 Παρθυαίων
699 802 722 895 ἢ
734 806 880 895 χρήμασι
900 806 1094 887 πεισθέντες
1108 806 1166 875 καὶ
1180 802 1282 875 αύτο-

325 911 528 1001 μολύσαντες
542 906 564 1000 ἢ
577 912 766 999 ληφθέντες
785 908 986 998 αἰχμάλωτοι
1001 904 1172 998 Ῥωμαίοις
1186 909 1283 980 ἐδού-

294 1024 437 1086 ἳλενον.
490 1013 530 1084 τά
550 1013 588 1084 δὲ
607 1012 721 1102 πλήθη
738 1019 843 1083 ταῦτα
858 1020 919 1086 τοῦ
933 1019 1077 1101 στρατοῦ
1094 1015 1151 1083 καὶ
1164 1010 1311 1100 πρότε-ε

324 1145 386 1208 ρον
405 1115 472 1190 ὑπὸ
486 1114 706 1208 Ἀλεξάνδρου
726 1113 904 1205 ἤθροιστο,
926 1112 1058 1205 ηὐξήθη
1081 1113 1116 1186 δ’
1136 1111 1206 1186 ύπὸ
1227 1122 1285 1186 τοῦ

324 1225 519 1311 Μαξιμίνου
535 1222 591 1289 καὶ
611 1223 644 1301 ἐς
665 1218 848 1308 πολεμικὴν
868 1215 1011 1308 άσκησιν
1029 1217 1284 1307 συχκεκρότητο.

323 1325 465 1415 μάλιστα
478 1323 516 1394 δέ
526 1328 561 1392 οί
575 1319 767 1393 άκοντισταὶ
779 1324 836 1393 καὶ
850 1327 884 1393 οί
897 1321 1023 1404 τοξόται
1038 1320 1122 1411 πρός
1134 1321 1193 1403 τάς
1202 1330 1286 1412 Γερ-
1354 1398 1358 1402 ,

326 1457 445 1518 μανον
466 1427 571 1516 μάχας
592 1425 775 1515 ἐπιτήδειοι
802 1431 981 1512 δοκοῦσιν,
1003 1427 1233 1515 ἐπιτρέχοντές
1253 1452 1286 1494 τε

328 1528 442 1613 αύτοῐς
457 1531 596 1619 κούφως
609 1527 651 1600 ού
666 1535 878 1620 προσδοκῶσι
891 1531 948 1599 καὶ
961 1526 1215 1617 ἀναχωροῦντες
1226 1532 1285 1621 §gt—
1302 1556 1322 1597 ιο

297 1641 419 1718 3δίως.
471 1633 652 1723 γενόμενος
666 1634 703 1705 δὲ
723 1637 760 1704 έν
779 1639 820 1723 τῇ
840 1638 983 1723 πολεμία
1002 1636 1192 1720 Μαξιμῖνος
1206 1639 1287 1703 πολ-

328 1737 392 1828 λὴν
409 1745 474 1828 γῆν
494 1740 660 1826 ἐπῆλθεν,
682 1733 823 1818 ούδενδς
843 1733 934 1829 αύτῷ
955 1732 1185 1822 άυθεοτῶτος,
1207 1732 1288 1806 άλλδι

329 1848 398 1912 τῶν
418 1841 600 1931 βαρβάρων
619 1836 933 1928 ἀνακεχωρηκότων.
963 1834 1066 1928 ἐδῄου
1085 1866 1122 1907 τε
1145 1830 1210 1909 οὖν
1226 1844 1290 1909 πᾶ-

330 1942 469 2032 σαυτὴν
481 1943 610 2031 χῶραν,
623 1943 764 2031 μάλιστα
778 1949 846 2010 τῶν
861 1948 967 2030 ληίων
980 1938 1213 2030 ἀκμαζόντων,
1234 1940 1289 2023 τάς

329 2073 365 2116 τε
374 2045 487 2134 κῶμας
502 2043 665 2135 ἐμπιπράς
679 2043 872 2133 διαρπάζειν
885 2048 1002 2115 ἐδίδου
1016 2051 1062 2139 τῷ
1076 2053 1217 2140 στρατῶ.
1232 2040 1289 2115 εύ-
1307 2076 1325 2118 ιι

330 2151 516 2239 μαρέστατα
535 2145 599 2239 γάρ
619 2147 656 2217 τό
678 2155 747 2236 πῶρ
761 2150 950 2237 ἐπινέμεται
970 2146 1027 2229 τάς
1047 2176 1082 2217 τε
1102 2148 1215 2231 πόλεις
1230 2144 1292 2219 αύ-

303 2259 402 2323 4τῶν
415 2247 454 2332 άς
467 2258 595 2339 ἔχουσι,
614 2252 671 2321 καί
691 2249 749 2331 τάς
768 2250 914 2340 οἰκήσεις
933 2247 1079 2333 άπάσας·
1100 2259 1213 2322 λίθων
1232 2252 1292 2341 μὲν

217 2377 221 2383 ·
332 2351 396 2445 γάρ
410 2351 491 2446 παρ’
507 2351 622 2437 αὐτοῖς
642 2349 664 2443 ἢ
685 2360 843 2424 πλίνθων
862 2351 976 2425 ὀπτῶν
996 2353 1134 2443 σπάνις,
1155 2345 1236 2426 ύλαι
1255 2352 1289 2425 δ’

333 2455 527 2548 εύδενδροι,
542 2453 628 2528 ὅθεν
646 2457 757 2540 ξύλων
778 2454 881 2546 ούσης
895 2460 1060 2539 ἐκτενείας
1071 2457 1293 2547 συμπηγνύν-

332 2590 386 2644 τες
399 2559 485 2633 αύτά
500 2563 557 2631 καὶ
570 2558 768 2650 ἁρμόζοντες
784 2568 1075 2650 σκηνοποιοῦνται.
1094 2557 1112 2631 ὁ
1127 2561 1165 2631 δὲ
1178 2564 1292 2645 Μαξι-
1308 2584 1330 2625 ιι

334 2682 429 2754 μῖνος
445 2667 499 2736 ἐπὶ
512 2664 600 2735 πολύ
609 2666 672 2755 μὲν
685 2663 921 2754 προυχώρησε,
937 2664 1092 2752 πράττων
1104 2693 1140 2734 τε
1154 2663 1196 2734 τά
1209 2693 1294 2754 προ-

335 2771 492 2859 ειρημένα
507 2770 563 2839 καὶ
577 2776 668 2848 λείας
687 2765 905 2857 ἀπελαύνων,
924 2766 1040 2847 διδούς
1056 2795 1093 2836 τε
1104 2765 1161 2850 τάς
1174 2765 1296 2857 άχέλας

304 2886 320 2937 5
336 2879 381 2964 τῷ
394 2878 522 2966 στρατῷ
545 2866 597 2951 αἷς
614 2870 887 2959 περιετύγχανον.
939 2876 974 2939 οί
990 2870 1028 2940 δέ
1046 2874 1217 2961 Γερμανοὶ
1230 2869 1296 2943 άπὸ

333 2975 396 3064 μὲν
409 2983 478 3045 τῶν
499 2978 644 3061 πεδίων,
658 2974 715 3041 καὶ
734 2983 768 3043 εί
784 3000 873 3053 τινες
892 2962 978 3060 ἦσαν
997 2981 1104 3063 χῶραι
1124 2971 1295 3067 άδενδροι,

335 3075 650 3166 άνακεχωρήκεσαν,
671 3078 708 3145 ἐν
727 3075 765 3144 δέ
784 3091 856 3156 ταῖς
876 3072 972 3158 ύλαις
992 3076 1197 3167 ἐκρύπτοντο
1217 3085 1331 3168 περίτι

334 3208 371 3250 τε
384 3179 424 3249 τά
438 3183 496 3268 ἕλη
511 3180 700 3268 διέτριβον,
723 3173 767 3259 ῶς
786 3182 857 3248 ἐκεῖ
874 3171 931 3260 τάς
947 3179 1051 3268 μάχας
1064 3182 1121 3250 καὶ
1141 3180 1200 3262 τάς
1214 3180 1297 3272 ἐφό-

336 3289 417 3363 δους
431 3297 598 3370 ποιοῖντο,
613 3289 670 3371 τῆς
682 3290 856 3369 συνεχείας
871 3290 940 3352 τῶν
953 3290 1072 3371 φυτῶν
1084 3280 1297 3373 άπασχολού-

336 3407 396 3474 σης
413 3387 445 3465 ἐς
460 3384 583 3474 ἑαυτὴν
596 3384 636 3455 τά
649 3388 730 3474 βέλη
744 3387 801 3454 καὶ
815 3383 855 3454 τά
874 3382 1011 3456 άκόντια
1032 3394 1101 3456 τῶν
1114 3395 1296 3477 πολεμίων,

336 3495 397 3558 τού
406 3516 442 3558 τε
451 3485 658 3579 άγχιβαθοῦς
666 3496 735 3558 τῶν
748 3485 1009 3579 ἑλῶνῬωμαίοις
1017 3491 1079 3579 μὲν
1093 3487 1140 3561 δι’
1157 3489 1298 3581 άχνοιαυ

335 3599 404 3662 τῶν
417 3592 529 3662 τόπων
542 3596 747 3680 ἐπισφαλοῦς
760 3595 938 3682 ἐσομένου,
960 3595 1089 3675 έαυτοίς
1107 3594 1146 3664 δέ
1166 3592 1216 3666 δι’
1238 3598 1296 3686 ἐμ-
1311 3618 1333 3661 ιι

336 3705 472 3783 κειρίαν
484 3703 542 3784 τῆς
560 3694 669 3783 χώρας
689 3697 853 3784 ἐγνωκόσι
872 3695 914 3766 τά
933 3694 1039 3786 άβατα
1056 3700 1113 3766 καὶ
1133 3694 1296 3786 άντιτυπη

326 3806 399 3866 τῶν
413 3799 530 3870 τόπων
541 3802 577 3883 ἐς
583 3793 672 3891 μόνα
687 3827 722 3872 τε
739 3802 951 3895 βρεχομένοις
965 3802 1152 3890 διατρίχειν
1164 3804 1294 3895 δᾳδίων.
