3134 4367
322 422 380 483 154
727 424 872 483 ΕΚΤΟΝ

319 592 456 686 αγαγῶν
477 594 537 665 τόν
555 592 697 684 στρατόν
719 592 801 682 μήτε
815 592 996 682 είσελθῶν,
1010 589 1032 684 ἢ
1045 592 1102 663 διά
1116 598 1207 683 δέος,
1223 599 1271 665 ἵνα

213 742 216 748 ·
319 700 363 789 μὴ
377 699 419 786 δη
442 696 543 779 αὐτὸς
562 695 758 768 κινδυνεύοι
780 705 871 787 ψυχῇ
892 700 948 767 καὶ
966 698 1092 785 σάματι
1113 694 1201 786 ὑπὲρ
1221 704 1271 786 της

314 802 483 890 Ῥωμαίων
497 800 614 891 ἀρχῆς,
628 796 650 890 ἢ
663 808 720 889 τῆς
738 799 861 888 μητρός
881 802 1078 889 ἐπισχούσης
1099 810 1271 891 γυναικείᾳ

287 921 305 975 9
320 912 429 996 δειλίηι
442 908 498 975 καὶ
511 900 768 994 ὑπερβαλλούσῃ
782 910 987 995 φιλοτεκνίηι.
1046 902 1200 992 ἤμβλυνε
1214 904 1270 993 γάρ

317 1008 423 1080 αὐτοῦ
437 1008 494 1088 τὰς
515 1006 597 1097 πρὸς
618 1004 778 1092 ἀνδρείαν
799 1002 917 1096 ὁρμάς,
932 1014 1100 1076 πείθουσα
1118 1013 1193 1077 δεῖν
1215 1006 1296 1077 &ca-⁵

316 1216 510 1286 τάττεσθαι·
532 1211 615 1303 ὅπερ
637 1212 697 1283 τόν
722 1213 917 1283 εἰσελθόντα
939 1211 1107 1301 Ῥωμαίων
1134 1213 1272 1306 στρατὸν

317 1316 499 1388 άπῶλεσεν.
525 1313 543 1386 ό
558 1316 621 1406 γάρ
635 1319 767 1404 Πέρσης
781 1313 847 1386 σύν
861 1316 949 1406 πάση
962 1324 1002 1406 τῇ
1019 1315 1163 1405 δυνάμει
1181 1322 1272 1388 ἐπελ-

317 1420 393 1492 θῶυ
407 1418 448 1490 ού
462 1426 716 1509 προσδοκῶντος
730 1426 791 1489 τοῦ
806 1428 960 1510 στρατοῦ,
975 1418 1208 1508 ἐκπεριελθὼν
1221 1422 1272 1490 καλ

319 1522 430 1612 ῶσπερ
457 1524 681 1613 σαγηνεύσας,
710 1524 922 1611 πανταχόθεν
948 1551 983 1591 τε
1011 1523 1176 1613 τοξεύων,
1206 1526 1305 1595 διέ-ιο

318 1639 442 1717 φθειρε
455 1626 517 1715 τὴν
538 1627 684 1715 δύναμιν
700 1633 768 1695 τῶν
783 1623 970 1714 Ῥωμαίων,
991 1622 1116 1713 ὀλίγων
1140 1656 1177 1699 τε
1197 1625 1274 1716 πρὸς

319 1728 700 1812 πολλούςάυθίστασθαι
713 1727 758 1818 μη
774 1733 983 1818 δυναμένων,
1005 1731 1061 1798 καί
1081 1726 1133 1799 άελ
1154 1730 1196 1801 τόι
1216 1759 1274 1820 γν-

317 1834 384 1922 μυόι
398 1837 536 1917 ἑαυτῶν,
548 1837 580 1914 ές
595 1828 616 1902 ά
630 1832 829 1919 έτοξεύοντο,
839 1831 1055 1922 φραττόντων
1070 1848 1139 1914 τοῖς
1154 1832 1272 1913 ὅπλοις·

320 1936 463 2025 ῥύεσθαι
473 1936 536 2024 γάρ
552 1934 664 2015 αὐτοῖς
678 1933 718 2003 τόι
732 1934 885 2023 σῶματα,
905 1933 947 2005 ού
965 1935 1132 2023 μάχεσθαι
1148 1934 1274 2027 άγακη-

269 2058 303 2111 10
320 2038 378 2108 τόν
393 2030 451 2127 ἦν·
467 2045 539 2107 ἔστε
554 2037 595 2126 δὴ
609 2038 729 2118 πάντες
743 2041 776 2117 ές
794 2037 830 2106 τό
848 2035 930 2108 αύτό
945 2042 1208 2122 συναλισθέντες
1222 2042 1273 2110 καί
1288 2061 1306 2124 Ιῤ

318 2149 358 2232 τῇ
372 2149 440 2210 τῶν
453 2138 606 2211 ἀσπίδων
624 2147 772 2230 προβολῇ
796 2137 907 2230 ῶσπερ
929 2149 1129 2229 τειχίσαντες
1150 2142 1275 2234 άπεμά-

318 2272 415 2333 χοντο
430 2248 466 2314 έν
480 2245 620 2332 σχήματι
632 2251 842 2332 πολιορκίας,
857 2246 913 2314 καὶ
928 2245 1140 2333 πανταχόθεν
1153 2241 1275 2337 βαλλό-

318 2376 414 2437 μενοι
435 2350 492 2415 καλ
512 2346 787 2435 τιτρωσκόμενοι,
809 2344 1018 2435 ἀντισχόντες
1045 2352 1078 2428 ἐς
1101 2345 1184 2419 ὅσον
1205 2356 1274 2421 ένε-

319 2454 431 2540 δέχετο
446 2447 627 2540 άνδρείως,
642 2448 885 2520 τὸτελευταῖον
898 2451 1019 2542 πάντες
1029 2453 1273 2543 διεφθάρησαν.

317 2563 455 2645 μεγίστη
470 2582 505 2623 τε
525 2551 609 2642 αὕτη
630 2551 789 2645 συμφορά
809 2556 866 2622 καὶ
883 2552 924 2624 ού
943 2557 1067 2645 ῥηιδίως
1084 2577 1307 2645 μνημονεν-εο

318 2670 417 2729 θεῖσα
434 2655 612 2746 Ῥωμαίους
626 2661 752 2745 ἐπέσχε,
767 2659 941 2745 δυνάμεως
954 2664 1110 2745 μεγίστης
1125 2665 1275 2749 διαφθα-

318 2771 447 2851 ρείσης,
462 2762 578 2851 γνῶμη
597 2763 653 2830 καὶ
668 2762 761 2851 ῥῶμη
775 2767 936 2849 μηδεμιᾶς
950 2767 1016 2828 τῶν
1031 2757 1180 2850 άρχαίων
1195 2762 1275 2833 άπο-

319 2864 475 2950 δεούσης·
490 2864 549 2931 τόν
563 2891 598 2932 τε
611 2867 748 2951 Πέρσην
762 2867 795 2943 ἐς
809 2868 926 2932 ἐλπίδα
939 2863 1101 2950 μειζόνων
1122 2866 1276 2957 πραγμά-

318 2995 387 3036 των
400 2965 552 3052 έτύφωσε
567 2966 773 3053 τηλικούτων
787 2972 895 3052 ἔργων
911 2963 1057 3055 εύπραγί
1078 3021 1086 3035 .

288 3082 307 3143 6
422 3064 466 3148 ῶς
482 3068 519 3136 δὲ
541 3076 644 3136 ταῦτα
664 3074 710 3159 τῷ
726 3065 930 3161 Ἀλεξάνδρῳ
952 3071 1107 3159 έδηλῶθη
1128 3078 1309 3159 χαλεπῶςυ

298 3219 301 3224 -
317 3178 476 3241 νοσοῦντι
491 3180 556 3239 είτε
570 3167 627 3238 διὰ
640 3176 836 3258 δυσθυμίαν
855 3181 920 3241 είτε
941 3172 997 3242 διά
1017 3173 1079 3263 την
1099 3182 1161 3244 τοῦ
1182 3173 1275 3264 ἀέρος

317 3272 478 3361 άηθειαν,
500 3270 600 3353 αὐτός
628 3301 663 3343 τε
683 3272 863 3361 δυσφόρως
882 3272 1098 3365 ἤνεγκε,.καὶ
1122 3274 1140 3347 ὁ
1163 3277 1276 3359 λοιπός

317 3378 457 3465 στρατός
477 3373 684 3465 ἠγανάκτησε
705 3376 788 3465 πρός
809 3375 869 3448 τόν
886 3376 1104 3469 Ἁλέξανδρον
1124 3384 1183 3451 καί
1202 3385 1277 3470 ἐχα-

318 3481 492 3566 λέπαινεν,
507 3475 558 3548 ότι
573 3479 615 3568 δὴ
631 3482 844 3568 ψευσαμένου
861 3479 967 3551 αὐτοῦ
981 3482 1095 3572 καὶμὴ
1110 3484 1276 3574 τηρήσαν-

318 3611 374 3663 τος
398 3581 438 3651 τά
458 3582 657 3670 συνθήματα
682 3590 867 3673 προδοθείη
891 3581 909 3654 ὁ
937 3586 1102 3656 είσελθῶν
1128 3588 1273 3679 στρατός.
1290 3617 1311 3659 ιο

288 3684 407 3775 Ξπληυ
431 3682 680 3775 όἏλέξανδρος
702 3687 783 3776 μήτε
805 3686 866 3776 τὴν
888 3688 990 3758 νόσον
1019 3692 1135 3780 φέρων
1158 3694 1216 3761 καλ
1239 3689 1274 3761 τό

308 3795 483 3879 πνιγῶδες
496 3797 558 3862 τοῦ
571 3786 686 3883 άέρος,
700 3797 759 3862 τοῦ
772 3818 809 3861 τε
829 3798 973 3880 στρατοῦ
991 3792 1115 3875 παντὸς
1131 3801 1275 3866 νοσούν-
