3134 4367
664 424 879 508 τοιουτου
1189 421 1248 485 185

290 596 571 688 ἐπιβουλεύοντας
585 597 738 686 ἐχθρούς.
764 596 838 666 τότε
854 594 895 684 δή
910 603 945 665 οί
954 604 1149 685 στρατιῶται
1162 606 1248 687 πλη-

290 707 408 791 γέντες
427 708 487 770 καί
512 728 581 780 πως
604 697 862 788 ἀπροσδοκήτως
877 708 1060 786 προβαλεῖν
1080 698 1121 772 ού
1141 706 1247 790 δυνη-

290 808 412 885 θέντες
424 802 489 891 πρὸ
504 810 565 873 τού
580 810 696 892 βωμοῦ
714 809 851 872 ἔκειντο.
904 808 939 872 οί
957 802 994 872 δὲ
1014 806 1125 873 λοιποί
1144 827 1277 892 στρα-ς,

291 916 409 978 τιῶται
422 914 521 976 τούτο
536 906 756 994 θεασάμενοι,
772 909 990 993 ἐκπλαγέντες
1002 914 1048 997 τῷ
1063 906 1166 976 πάθει
1179 915 1246 977 τῶν

265 1044 278 1083 ε
293 1016 561 1101 συστρατιωτῶν,
571 1011 779 1098 φοβηθέντες
789 1015 847 1078 τοῦ
863 1008 970 1096 δήμου
981 1008 1017 1079 τὸ
1028 1016 1156 1098 πλῆθος
1166 1006 1248 1079 ἀνευ

291 1142 328 1184 τε
342 1110 458 1182 ὅπλων
474 1110 568 1194 ὅντες
582 1118 721 1200 ἔφυγον.
754 1109 772 1181 ὁ
791 1112 829 1181 δὲ
848 1111 1053 1193 Γαλλικανός
1074 1111 1250 1201 ἐκδραμών

292 1225 352 1305 τῆς
373 1215 565 1305 συγκλήτου
582 1218 615 1295 ές
635 1214 695 1285 τὸν
714 1221 821 1303 δήμου
846 1218 967 1302 μέσον,
991 1217 1127 1297 δεικνύς
1150 1242 1185 1284 τε
1211 1214 1248 1283 τό

292 1322 390 1407 ξίφος
406 1321 463 1388 καλ
481 1317 543 1407 τήν
556 1334 649 1409 χεῖρα
668 1314 878 1408 ᾑμαγμένην,
894 1320 1100 1400 διεκελεύετο
1114 1318 1250 1389 διώκειν

294 1424 351 1492 καλ
371 1421 533 1511 φονεύειν
556 1420 634 1501 τούς
654 1419 798 1511 ἐχθρούς
811 1421 873 1509 μέν
892 1424 1082 1511 συγκλήτου
1096 1426 1153 1491 καὶ
1171 1418 1250 1490 Ῥω-

254 1561 278 1601 ιο
294 1532 405 1615 μαίων
431 1532 552 1613 φίλους
570 1525 608 1593 δὲ
631 1526 687 1594 καλ
709 1524 901 1612 συμμάχους
924 1529 1126 1614 Μαξιμίνου.
1170 1522 1188 1595 ὁ
1210 1524 1280 1602 δλσ

295 1635 402 1717 δῆμος
415 1632 518 1720 ῥᾷστα
533 1630 684 1709 πεισθεὶς
704 1625 764 1697 τὸν
785 1626 847 1714 μέν
864 1628 1074 1698 Γαλλικανὸν
1095 1626 1250 1717 εύφήμει,

293 1730 374 1812 τούς
388 1732 426 1801 δὲ
445 1730 646 1819 στρατιώτας
667 1726 712 1811 ὡς
731 1730 894 1800 ἐδύναντο
913 1730 1091 1813 διώκοντες
1110 1738 1251 1820 ἔβαλλον

294 1842 417 1914 λίθοις.
445 1842 480 1904 οἳ
494 1836 531 1903 δὲ
546 1834 752 1923 φθάσαντες,
772 1830 897 1921 ὀλίγων
910 1840 1012 1903 τινῶν
1030 1837 1086 1904 καλ
1099 1837 1251 1923 τρωθέν-
1308 1828 1324 1932 Ἰ

295 1965 374 2024 των,
391 1939 424 2017 ἐς
438 1935 475 2006 τὸ
490 1937 715 2025 στρατόπεδον
734 1937 984 2024 καταφυγόντες
1001 1940 1056 2008 καὶ
1070 1936 1128 2018 τάς
1145 1937 1251 2018 πύλας

255 2071 278 2112 ιε
294 2048 502 2127 κλείσαντες,
518 2037 604 2109 ὅπλα
618 2042 655 2110 δὲ
669 2036 908 2128 ἀναλαβόντες,
925 2041 1117 2130 ἐφρούρουν
1132 2040 1168 2110 τὸ
1183 2057 1251 2110 τεῖ-

292 2172 350 2234 χος
366 2150 429 2212 τού
443 2146 678 2232 στρατοπέδου.
705 2139 723 2213 ὁ
744 2144 782 2213 δέ
802 2142 1007 2225 Γαλλικανὸς
1026 2141 1110 2227 ἀπαξ
1128 2143 1252 2232 τολμή-

294 2268 356 2329 σας
370 2252 470 2336 ἔργον
485 2253 691 2335 τηλικούτου,
702 2246 868 2335 ἐμφύλιον
881 2248 1027 2335 πόλεμον
1040 2251 1096 2317 καλ
1105 2244 1251 2336 ὄλεθρον

295 2352 402 2439 μέγαν
414 2346 528 2439 ήγειρε
543 2356 581 2439 τῇ
597 2348 700 2420 πόλει.
743 2350 801 2431 τάς
818 2379 853 2420 τε
866 2349 929 2439 γάρ
943 2356 1103 2440 δημοσίας
1119 2349 1282 2437 ἀποθήλ

295 2480 357 2532 κας
377 2460 445 2521 τῶν
465 2449 595 2539 ὅπλων,
618 2462 651 2522 εἴ
667 2479 755 2533 τινες
768 2445 855 2541 ἦσαν
868 2452 951 2543 πρὸς
969 2452 1105 2541 πομπήν
1124 2460 1251 2541 μᾶλλον

255 2591 283 2632 ιο
298 2551 321 2644 ή
337 2554 446 2644 μάχην
466 2556 666 2645 ἐπιτήδειοι,
688 2552 871 2644 ἀναρρῆξαι
890 2555 969 2636 τούς
989 2552 1107 2642 ὄχλους
1130 2562 1251 2641 ἔπεισε,

295 2659 334 2728 τό
347 2685 383 2728 τε
396 2666 490 2747 σῶμα
504 2663 644 2729 ἕκαστον
658 2656 864 2745 φράττεσθαι
879 2653 923 2737 ὡς
938 2654 1006 2737 οἷός
1022 2684 1057 2725 τε
1075 2648 1133 2744 ήν·
1159 2657 1199 2725 τά
1217 2684 1253 2726 τε

295 2767 366 2831 τῶν
378 2762 578 2850 μονομάχων
596 2759 786 2848 καταγύγια
806 2757 938 2843 ἀνοίξας
961 2759 1098 2849 ἐξήγαγε
1115 2775 1183 2841 τοῖς
1203 2766 1250 2829 οί-

294 2870 400 2944 ιιείοις
415 2861 528 2946 ὅπλοις
542 2868 682 2934 ἕκαστον
696 2866 928 2954 ἐξηρτυμένον.
963 2861 1025 2933 ὅσα
1045 2891 1081 2932 τε
1093 2855 1136 2952 ήν
1151 2868 1188 2934 έν
1202 2870 1253 2934 οί-

295 2963 415 3055 κίαιςή
429 2970 656 3090 ἐργαστηρίοις
667 2965 791 3055 δόρατα
804 2962 915 3057 ήξίφη
929 2969 1077 3048 πελέκεις
1086 2996 1132 3055 τε,
1146 2969 1254 3037 πάντα

253 3099 281 3141 τε
299 3070 505 3160 διηρπάζετο.
559 3067 579 3140 ὅ
593 3099 629 3140 τε
643 3077 744 3159 δήμος
759 3075 949 3141 ἐνθουσιῶν
962 3079 1030 3141 πᾶν
1044 3100 1080 3141 το
1068 3069 1284 3160 ἐμπῖπτονθ

297 3169 383 3262 ύλης
410 3171 588 3298 ἀξιομάχου
609 3177 782 3263 ἐργαλεῖον
802 3171 909 3245 οπλον
932 3178 1085 3244 ἐποιεῖτο.
1132 3171 1253 3264 ἀθροι-

296 3278 438 3357 σθέντες
452 3280 515 3346 ούν
503 3281 723 3402 ἐπῆλθον
693 3306 737 3346 τοι
725 3280 975 3369 στρατοπέδῳ,
986 3273 1102 3358 καλάς
1116 3287 1254 3367 πολιορ-

296 3379 457 3467 κήσοντες
471 3377 552 3449 αύτο
542 3378 675 3467 δήθεν
692 3381 921 3469 προσέβαλλόν
934 3407 970 3448 τε
981 3396 1051 3460 ταῖς
1065 3381 1186 3462 πύλαις
1198 3382 1255 3449 καλ

296 3497 368 3563 τοῖς
382 3490 535 3570 τείχεσιν.
577 3510 609 3551 οι
602 3483 664 3551 δὲ
683 3490 879 3607 στρατιῶται
899 3480 981 3570 μετά
998 3491 1121 3572 πολλής
1141 3487 1255 3570 ἐμπει-

254 3592 375 3675 ωρίας
389 3582 613 3711 ὠπλισμένοι.
630 3613 686 3653 ,τε
706 3583 764 3665 τάς
783 3584 930 3668 ἐπάλξεις
949 3584 1060 3655 καὶ
1026 3614 1088 3665 τας
1106 3582 1269 3663 ἀοπιδας,

295 3688 403 3767 τόξοις
414 3716 450 3756 τε
461 3686 587 3771 αύτούς
597 3687 786 3778 βάλλοντες
799 3692 860 3762 καὶ
870 3687 997 3779 δορασι
1013 3679 1297 3807 ματουῑςέλθὶδῒ

275 3812 398 3871 λυπέο
410 3798 475 3859 τού
485 3800 622 3885 τειχους
636 3772 862 3873 ἀπεδίωκον.
899 3794 952 3883 ὡς
967 3796 1010 3871 δε
1027 3785 1155 3879 καμὼν
1172 3806 1196 3846 ⁰
1208 3780 1365 3879 mm,
1343 3780 1365 3817 ³*
