3134 4367
824 639 865 707 δ.

305 786 353 836 122
448 785 537 845 [ΠΩΣ
554 786 630 838 XPH
647 787 851 839 AIATEAEm
866 785 1083 839 EIIEII'ONTA
1099 786 1150 838 ΤΑ
1167 787 1244 838 ΤΗΣ

714 873 970 933 ΠΟΛΙΟΡΚΙΑΣ.]

415 1039 445 1098 7.
460 1035 505 1099 El
524 1027 559 1099 δ’
580 1033 618 1100 ε’ν
635 1029 727 1117 τάχει
746 1028 889 1100 σπεύδοι
909 1057 965 1110 τις
977 1032 1104 1113 ἐξελεῖν
1125 1022 1324 1120 φρούριονῆ
1354 1051 1358 1058 ·

363 1126 502 1221 πόλινῆ
528 1132 658 1222 χάρακα
684 1134 741 1203 καί
763 1131 854 1228 αύτῷ
881 1128 1046 1222 κάμνοιὴ
1072 1129 1217 1222 δύναμις
1241 1130 1323 1221 μηδέ

362 1241 445 1324 μίαν
465 1233 557 1324 ώραν
570 1234 754 1325 ἀποστῆναι
767 1239 963 1331 βουλομένῳ
976 1241 1046 1305 τών
1059 1236 1263 1326 ἐρυμάτων,Ι
1279 1240 1324 1315 είς

362 1337 512 1428 τάγματα
536 1338 660 1410 διελών
671 1337 709 1409 τὸ
724 1340 931 1430 στράτευμα,
952 1336 1005 1408 ὅτ’
1021 1336 1065 1409 άν
1078 1337 1178 1410 λκανά
1192 1338 1283 1409 εἷναί
1292 1342 1325 1408 οί

364 1446 448 1531 δοκῇ
466 1441 550 1513 κατά
568 1442 631 1535 τὴν
653 1441 839 1531 ἀναλογίαν
857 1449 918 1515 τού
938 1442 1092 1532 πλήθους
1114 1445 1172 1512 καλ
1191 1438 1322 1512 κατάτό

364 1547 507 1635 μέγεθος
525 1551 583 1635 τῆς
608 1550 893 1636 πολιορκουμένης
911 1546 1062 1634 πόλεως,
1082 1544 1205 1627 νυκτὸς
1225 1543 1321 1635 άρξά-

363 1676 463 1737 μενος
490 1647 597 1732 εύθύς
622 1655 670 1745 τῷ
694 1651 756 1739 μέν
781 1650 903 1743 πρώτῳ
924 1652 1162 1739 προσβαλλέτω
1183 1649 1323 1738 τάγματι

362 1757 410 1848 τῷ
438 1755 585 1846 δευτέρῳ
605 1754 767 1834 κελεύσας
786 1752 987 1843 ἐφεδρεύειν
1007 1756 1064 1824 καλ
1084 1756 1208 1847 ἑτοίμῳ
1228 1754 1322 1837 εἶναι,

362 1860 411 1948 τώ
430 1855 467 1926 δὲ
485 1865 586 1950 τρίτῳ
608 1860 664 1929 καὶ
685 1857 850 1951 τετάρτῳ,
872 1858 930 1934 ιιαλ
951 1863 984 1926 εί
1001 1857 1095 1944 τύχοι
1109 1861 1262 1945 πέμπτον
1274 1853 1323 1941 ὄν,

322 1983 324 1988 ·
362 1963 618 2047 παρανγελλέτω
627 1963 812 2050 τρέπεσθαι
819 1958 903 2031 κατά
909 1977 1038 2031 κοῖτον·
1054 1969 1084 2031 8.
1093 1960 1175 2046 εἶτα,
1190 1957 1273 2030 ὅταν
1279 1962 1324 2052 τῳ

362 2060 484 2153 πρώτῳ
504 2062 730 2153 καταπειράσῃ
747 2061 824 2133 τινά
843 2064 985 2153 χρόνον,
1005 2063 1146 2144 τούτους
1165 2063 1230 2152 μὲν
1243 2060 1322 2134 άνα·

334 2163 586 2255 καλεσάμενος
610 2162 834 2255 άποπεμιτέτω
859 2170 1138 2256 κοιμησομένους,
1165 2166 1322 2257 σημαινέ-

361 2295 409 2339 τω
429 2268 467 2339 δὲ
478 2274 526 2364 τῷ
545 2269 693 2362 δευτέρῳ
710 2271 863 2360 προϊέναι
877 2275 939 2341 τοῦ
951 2271 1111 2359 χάρακος,
1126 2267 1143 2340 ὁ
1157 2269 1197 2340 δὲ
1216 2276 1324 2359 τρίτος

361 2372 590 2463 ταγματάρχης
616 2370 803 2462 ἀναστήσας
833 2373 1004 2467 ἐντούτῳ
1031 2376 1263 2457 καθοπλιζέτω
1287 2369 1324 2440 τὸ

361 2472 424 2564 ὑφ’
439 2473 558 2547 ἑαυτὸν
571 2478 695 2565 τάγμα·
710 2484 741 2546 9.
751 2474 896 2566 καλμετά
902 2475 981 2558 τούς
988 2478 1169 2564 δευτέρους
1176 2475 1240 2568 τὴν
1247 2486 1323 2563 λσην

362 2576 454 2667 ώραν
475 2594 545 2661 τοῖς
566 2579 710 2669 πρώτοις
729 2576 955 2668 ἀγωνίζεσθαι
972 2578 1042 2663 άξει
1056 2577 1094 2651 τὸ
1106 2586 1238 2669 τρίτον,
1253 2606 1321 2648 κοι-

360 2682 481 2772 μάσδω
502 2682 540 2753 δέ
552 2681 590 2753 τό
609 2682 916 2775 δεύτεροντάγμα,
939 2681 1021 2772 μετά
1041 2687 1147 2754 τούτο
1164 2680 1198 2753 δ’
1223 2674 1269 2753 αύ
1286 2678 1322 2752 τὸ

360 2786 537 2874 τέταρτον,
558 2783 628 2856 εἶθ’
646 2790 719 2876 ἑξῆς
732 2784 769 2856 τὸ
783 2787 953 2876 πέμπτον,
967 2790 1004 2857 έν
1018 2788 1112 2876 μέρει
1133 2791 1203 2857 τών
1222 2807 1322 2877 στρα-

304 2893 490 2958 123τιωτών
499 2885 778 2978 ἀναπαυομένων.
796 2900 844 2961 10.
853 2887 975 2978 ὁμοίως
985 2887 1019 2959 δ’
1033 2887 1323 2979 έπισυναπτούσης

360 2996 424 3081 τῆς.
447 2988 570 3081 ἡμέρας
597 2997 632 3062 ολ
655 2996 784 3084 πρώτοι
799 2998 843 3084 τῇ
867 2995 966 3063 νυκτὶ
984 2993 1234 3082 προσβαλόντες
1261 2996 1321 3063 ἕω-

360 3105 427 3167 θεν
440 3095 542 3167 πάλιν
558 3100 682 3183 πρώτοι
705 3095 960 3187 προσαγόντων·
983 3093 1053 3166 εἶθ’
1077 3094 1183 3185 ώρας,
1212 3102 1245 3166 εί
1263 3096 1322 3186 μέν

361 3200 395 3281 ἓξ
421 3209 473 3288 εἴη
492 3198 659 3287 τάγματα,
691 3198 753 3268 δύο
772 3199 1074 3286 κινδυνεύσαντες,
1101 3205 1133 3270 ελ
1153 3199 1193 3270 δὲ
1212 3202 1335 3292 πέντε,

362 3302 463 3371 δυσὶν
483 3307 532 3372 έτι
553 3300 675 3391 μικρὸν
697 3304 890 3388 ἐπιθέντες,
920 3308 952 3374 εί
977 3303 1015 3374 δὲ
1039 3305 1196 3390 τέτταρα,
1224 3318 1322 3393 τρεῖς,

361 3409 392 3474 εί
424 3404 462 3475 δὲ
492 3411 586 3494 τρία,
617 3408 791 3496 τέτταρας,
824 3404 981 3488 άπιόντες
1005 3403 1322 3496 ιἰριστοποιείσθων,

335 3563 337 3574 .
360 3509 432 3596 ἑξῆς
460 3503 497 3576 δ’
527 3513 562 3579 οί
584 3506 662 3597 μετ’
690 3507 813 3589 αύτούς
832 3511 888 3579 καλ
908 3509 1010 3580 πάλιν
1032 3513 1067 3579 οί
1084 3507 1166 3599 μετὰ
1185 3510 1324 3590 τούτους

352 3607 433 3703 άχρι
448 3614 519 3685 τών
532 3618 755 3701 τελευταίων,
769 3610 853 3682 ὥστε
864 3612 990 3683 κύκλον
1002 3611 1078 3682 τινά
1092 3613 1322 3701 περιάγεσθαι.
1362 3693 1367 3700 ¹

288 3743 291 3749 ’
342 3728 395 3790 11.
427 3721 557 3796 τούτου
588 3718 656 3813 γάρ
685 3725 941 3811 συμβαίνοντος
966 3711 1119 3801 άμῳδτειί
1143 3710 1189 3779 διο
1209 3723 1332 3795 νίνου·

328 3846 389 3895 το·
416 3830 482 3903 καλ
507 3837 550 3907 αλ
569 3826 780 3927 προσβολαὶ
804 3824 867 3897 καὶ
889 3818 1032 3905 νύκτωρ
1052 3814 1112 3877 σοὶ
1131 3807 1203 3893 οὶῖί
1237 3805 1362 3892 δούλω
