3134 4367
659 466 812 526 TPITON
1165 464 1204 527 83

251 633 359 707 αὐτοῦ
374 640 500 725 ἐχρῆτο.
527 636 584 711 καί
596 639 726 725 πέμψας
738 635 800 725 τῆν
814 634 964 725 κεφαλὴν
976 644 1036 707 τού
1050 634 1204 728 Ἀλβίνου

251 746 397 838 δημοσία
421 737 723 831 ἀνασταυρωθῆναι
742 738 890 809 κελεύει·
909 740 1080 829 γράμμασί
1103 770 1138 811 τε
1158 750 1205 836 τῷ

251 845 346 936 δῆμφ
360 843 424 931 τῆν
440 850 539 931 νίκην
554 846 676 914 ἑαυτοῦ
696 842 848 931 δηλώσας
866 845 921 912 ἐπί
939 845 1025 914 τέλει
1038 846 1203 916 καὶτοῦτο

250 949 459 1036 προσέθηκε,
473 949 682 1036 πεπομφέναι
696 944 756 1035 τῆν
772 944 925 1035 κεφαλὴν
944 943 1050 1017 αὐτοῦ
1064 952 1197 1039 δημοσί,

228 1056 452 1138 οπερίοπτον,
468 1054 523 1118 ἵνα
537 1046 638 1131 αὐτὸς
655 1044 728 1119 οἷόν
747 1075 810 1138 περ
831 1053 1004 1120 ἐδείκνυεν
1020 1045 1125 1119 αὐτοῦ
1146 1049 1205 1120 τὸν

250 1151 366 1242 θυμὸν
387 1158 443 1243 ίδη
462 1153 520 1222 καί
539 1151 601 1241 τῆν
615 1150 699 1241 πρὸς
714 1156 863 1234 ἐκείνους
881 1148 996 1242 ὀργῆν.
1037 1152 1235 1241 διοικῆσαςι

250 1255 286 1326 δέ
300 1254 343 1325 τὰ
356 1253 441 1325 κατὰ
455 1254 516 1343 τῆν
531 1261 736 1345 Βρεττανίαν
748 1258 805 1325 καί
820 1253 943 1326 διελών
955 1260 988 1338 ἐς
1004 1258 1066 1327 δύο
1083 1252 1205 1345 ἡγεμο-

249 1366 323 1441 νίας
342 1358 406 1446 τῆν
424 1365 485 1427 τοῦ
505 1364 629 1439 ἔθνους
648 1362 819 1447 ἐξουσίαν,
835 1356 875 1428 τά
893 1387 929 1428 τε
947 1358 1030 1429 κατὰ
1045 1357 1102 1441 τὰς
1117 1366 1205 1428 Γαλ-

250 1469 339 1550 λίας,
357 1458 403 1542 ώς
417 1457 516 1553 ᾤετο,
531 1458 648 1552 ἄριστα
662 1468 803 1547 διαθείς,
818 1462 943 1543 πάντας
955 1490 991 1532 τε
1003 1462 1082 1545 τοὺς
1094 1460 1201 1552 Ἀλβί-

215 1590 235 1630 ιο
251 1592 315 1634 νου
342 1573 464 1653 φίλους
490 1574 556 1634 εἴτε
576 1566 737 1646 ἑκουσίως
758 1561 827 1634 εἴθ’
850 1560 916 1633 ὐπὸ
942 1561 1087 1654 ἀνάγκης
1113 1558 1204 1658 αὐτῷ

248 1668 501 1756 γνωρισθέντος
514 1667 692 1755 φονεύσας,
700 1666 758 1749 τάς
772 1694 808 1737 τε
822 1663 937 1747 οὐσίας
951 1664 1064 1738 αὐτῶν
1078 1669 1204 1755 δημεύ-

248 1791 326 1858 σας,
341 1774 375 1851 ἐς
387 1768 449 1858 τῆν
462 1767 588 1859 Ῥώμην
601 1767 773 1859 ἠπείγετο,
789 1766 881 1857 άγων
896 1766 1025 1840 ἅπαντα
1034 1769 1093 1840 τὸν
1101 1792 1203 1858 στρα-

248 1873 308 1942 τὸν
330 1872 396 1943 σύν
411 1869 518 1965 αύτῷ,
542 1870 587 1955 ώς
603 1881 725 1961 φανείη
746 1872 986 1963 φοβερώτερος.
1014 1870 1139 1954 ἀνύσας
1159 1872 1233 1962 δῆδ

248 1983 362 2069 πολλῷ
384 1975 445 2065 τῆν
464 1972 660 2065 ὁδοιπορίαν
678 1977 784 2064 τάχει,
811 1973 921 2067 ὥσπερ
942 1966 985 2065 ἦν
1003 1984 1081 2058 ἔθος
1101 1974 1202 2068 αὐτῷ,

210 2108 232 2151 ιε
248 2086 460 2167 χαλεπαίνων
478 2078 562 2169 πρὸς
582 2086 629 2149 ἔτι
648 2079 824 2168 περιόντας
836 2078 915 2161 τούς
932 2083 1062 2150 ἐκείνου
1083 2087 1203 2170 φίλους

249 2188 282 2263 ἐς
302 2181 365 2271 τῆν
378 2179 504 2271 Ῥώμην
524 2182 706 2271 εἰσήλασεν.
734 2178 752 2252 ὁ
774 2182 813 2252 δὲ
832 2188 935 2272 δῆμος
950 2178 1054 2253 αύτδν
1071 2189 1203 2271 δαφνη-

249 2292 366 2375 φορῶν
379 2284 461 2374 μετὰ
474 2285 581 2374 πάσης
600 2293 695 2374 τιμῆς
708 2287 765 2354 καὶ
783 2282 949 2375 εὐφημίας
968 2283 1166 2373 ὑπεδέξατο,
1180 2282 1202 2374 ἦ

249 2416 284 2457 τε
296 2388 483 2478 σύγκλητος
497 2389 781 2479 προσηγόρευσαν,
801 2394 836 2458 οί
849 2398 995 2460 πλεῖστοι
1008 2393 1046 2460 ἐν
1058 2396 1202 2479 μεγίστῳ

250 2494 318 2560 δέει
332 2496 558 2578 καθεστῶτες,
572 2491 778 2580 λογιζόμενοι
795 2488 845 2561 ὅτι
859 2489 971 2561 αὐτῶν
985 2489 1026 2561 οὐ
1042 2499 1201 2579 φείσεται,

211 2614 235 2655 ²⁰
251 2595 353 2683 φύσει
373 2594 435 2682 μέν
455 2589 504 2663 ών
525 2592 645 2682 ἐχθρὸς
664 2593 890 2683 χαλεπώτατος
909 2596 965 2662 καί
986 2600 1105 2681 μικρᾶς
1118 2619 1203 2679 προ·

250 2698 383 2785 φάσεως
395 2696 553 2786 δεόμενος
567 2700 601 2778 ἐς
619 2696 656 2766 τὸ
676 2694 848 2783 ἀδικῆσαι,
869 2695 942 2765 τότε
962 2695 999 2765 δὲ
1020 2701 1130 2765 δοκῶν
1145 2697 1201 2765 καί

250 2797 412 2889 εὐλόγους
426 2808 514 2889 ἐχειν
529 2806 644 2881 αίτίας.
696 2795 715 2868 ὁ
737 2796 768 2868 δ’
791 2788 854 2868 ούν
869 2806 1018 2886 Σευῆρος
1033 2801 1067 2879 ἐς
1089 2798 1125 2867 τδ
1141 2805 1200 2868 τού
1216 2823 1234 2876 4

248 2902 332 2985 Διὸς
341 2907 475 2991 τέμενος
487 2900 644 2990 ἀνελθών
656 2900 779 2984 καὶτὰς
791 2900 908 2983 λοιπάς
921 2904 1053 2983 τελέσας
1067 2908 1201 2989 ίερονρ-

248 3014 322 3093 γίας
336 3010 528 3095 ἐπανῆλθεν
544 3011 577 3088 ἐς
598 3004 638 3076 τά
658 3013 826 3096 βασίλεια,
847 3008 903 3075 καί
921 3012 966 3098 τῷ
987 3006 1080 3099 δήμῳ
1094 3005 1202 3096 πρού-

210 3130 234 3173 2
249 3120 358 3198 θηκεν
371 3112 425 3179 ἐπί
438 3125 510 3191 ταῖς
527 3116 635 3191 νίκαις
655 3117 810 3199 μεγίστας
829 3108 941 3198 νομάς.
970 3125 1039 3190 τοῖς
1051 3136 1086 3179 τε
1100 3132 1199 3197 στρα-

248 3212 380 3293 τιώταις
393 3214 540 3282 ἐπέδωκε
552 3213 700 3301 χρήματα
708 3221 855 3298 πλείστα,
866 3209 949 3281 ἄλλα
956 3239 992 3281 τε
1001 3209 1108 3282 πολλὰ
1116 3234 1200 3281 σνν-

249 3317 416 3406 εχώρησεν
437 3313 460 3385 δι’
480 3314 525 3405 μῆ
546 3316 710 3406 πρότερον
723 3315 830 3405 εἶχον·
852 3313 991 3404 καὶγὰρ
1013 3313 1050 3383 τὸ
1065 3317 1197 3403 σιτηρέ-
1214 3338 1230 3389 5

248 3442 322 3488 σιον
335 3425 466 3506 πρῶτος
478 3414 622 3508 ηύξησεν
636 3415 765 3507 αὐτοῖς,
787 3420 843 3488 καί
859 3424 1049 3500 δακτυλίοις
1064 3435 1198 3507 χρυσοῖς

247 3523 436 3611 χρήσασθαι
443 3524 742 3610 ἐπέτρεψεγνναιξί
748 3550 784 3591 τε
791 3536 971 3606 συνοικεῖν,
980 3516 1063 3610 άπερ
1071 3518 1200 3591 ἅπαντα

209 3649 234 3694 ιο
248 3623 473 3715 σωφροσύνης
486 3631 720 3715 στρατιωτικῆς
733 3626 790 3693 καὶ
809 3630 869 3693 τοῦ
888 3621 970 3713 πρὸς
984 3622 1043 3693 τὸν
1057 3625 1200 3711 πόλεμον

247 3730 381 3818 ἑτοίμου
406 3756 443 3798 τε
469 3731 526 3799 καὶ
552 3725 732 3807 εὐσταλούς
749 3724 906 3819 ἀλλότρια
932 3730 1109 3816 ἐνομίζετο.
1149 3724 1211 3791 καὶ

247 3830 377 3921 πρῶτός
389 3860 432 3916 γε
441 3834 568 3913 ἐκεῖνος
580 3831 617 3904 τδ
634 3831 727 3904 πάνυ
748 3828 869 3907 αὐτῶν
885 3834 1087 3930 ἐρρωμένου
1109 3827 1171 3898 καλ
1191 3821 1234 3891 ’δυ

1025 3950 1075 4011 με
