3134 4367
692 415 912 477 ΠΕΜΠΤΟΝ
1206 418 1265 481 129

309 591 467 673 ιαλῦσαι,
481 584 604 678 μικρὰν
617 588 672 656 καὶ
692 585 811 677 εὐτελῆ
831 588 1001 678 πρόφασιν
1013 604 1082 671 τοϊς
1098 591 1261 681 στρατιά-

309 717 378 769 ταις
393 692 428 769 ἐς
442 684 464 757 δι’
477 688 654 778 ἐβούλοντο
668 699 725 780 τῆς
742 691 842 781 τύχης
862 692 1103 781 παρασχούσης.
1141 703 1291 766 Μαῑσα2

307 781 349 878 ῆν
363 819 412 873 τις
426 788 544 880 ὄνομα,
557 789 594 887 τὸ
608 795 704 886 γένος
717 801 896 884 Φοίνισσα,
912 791 976 864 άπὸ
988 791 1124 883 Ἐμὲσον
1136 806 1261 868 καλου-

296 898 408 986 Ιμένης
421 894 510 967 οῦτοι
525 896 652 979 πόλεως
672 901 709 967 ἐν
724 905 881 989 Φοινίκῃ·
906 896 1036 986 ἄδελφῆ
1057 897 1095 967 δὲ
1112 899 1259 987 ἐγεγόνει

282 996 441 1082 εἸουλίας
464 1008 521 1089 τῆς
542 998 697 1089 Σευῆρον
723 1001 785 1089 μὲν
810 999 969 1090 γυναικὸς
991 998 1195 1071 Ἀντωνίνου
1223 1007 1261 1074 δὲ

305 1102 438 1193 μητρός.
467 1101 556 1192 παρὰ
572 1103 679 1173 πάντα
692 1095 756 1173 οῦν
775 1102 835 1174 τδν
847 1112 904 1193 τῆς
919 1100 1066 1193 ἀδελφῆς
1079 1110 1156 1194 βίον
1169 1107 1206 1173 ἐν
1220 1113 1260 1196 τῆ

304 1213 464 1299 βασιλείῳ
477 1209 648 1295 διέτριψεν
661 1204 748 1298 αῦλῆ
761 1206 886 1297 χρόνον
900 1214 1100 1296 πολυετοῦς,
1121 1204 1202 1296 παρ’
1219 1204 1260 1278 δν

305 1309 456 1400 Σευῆρός
470 1338 505 1379 τε
518 1311 575 1379 καλ
588 1306 784 1391 Ἀντωνῖνος
797 1314 1025 1398 ἐβασίλευσαν.
1040 1308 1101 1398 τῆν
1115 1309 1260 1399 δῆΜαῑ-

305 1435 367 1482 σαν
379 1413 506 1501 ταύτην
516 1408 728 1502 δΜακρίνος,
741 1412 823 1501 μετὰ
836 1412 898 1502 τῆν
911 1420 969 1502 τῆς
982 1411 1129 1503 ἀδελφῆς
1141 1422 1259 1484 τελευ-

271 1539 291 1579 ιο
305 1514 365 1604 τῆν
379 1514 584 1585 Ἀντωνίνου
598 1516 636 1586 δὲ
650 1514 840 1607 ἀναίρεσιν,
856 1518 1056 1606 προσέταξεν
1071 1520 1104 1597 ἐς
1117 1515 1178 1605 τῆν
1191 1544 1258 1587 πα·

303 1624 401 1707 τρίδα
427 1622 683 1689 ἐπανελθοῦσαν
716 1624 853 1700 ἐντοῖς
880 1626 1014 1701 οίκείοις
1040 1626 1255 1709 καταβιῶναι,

303 1720 410 1791 πάντα
425 1728 567 1810 ἔχουσαν
579 1720 619 1791 τά
632 1724 760 1811 ἑαυτῆς.
788 1729 954 1793 πλείστων
966 1723 1004 1792 δὲ
1023 1713 1066 1812 ῆν
1080 1723 1256 1813 χρημάτων

303 1821 476 1906 ἀνάπλεως
490 1822 548 1895 ἅτε
571 1833 686 1917 μακρῷ
706 1824 817 1919 χρόνῳ
836 1832 991 1916 βασιλικῇ
1012 1829 1144 1917 ἐξουσίᾳ
1164 1829 1256 1897 ἐντε-

302 1931 489 2019 θραμμένη.
541 1933 775 1999 ἐπανελθοῦσα
790 1930 828 1999 δὲ
847 1926 867 2018 ῆ
888 1935 1067 2020 πρεσβῦτις
1087 1932 1285 2019 διέτριβενε

266 2055 287 2096 ιε
302 2034 339 2102 ἐν
352 2047 421 2112 τοῖς
435 2033 563 2120 ἑαυτῆς.
593 2022 678 2120 ῆσαν
691 2034 728 2103 δέ
742 2028 828 2123 αῦτῆ
841 2035 1030 2123 θυγατέρες
1050 2031 1128 2103 δύο·
1149 2041 1255 2104 Σοαι-

300 2137 354 2223 μλς
367 2134 430 2223 μὲν
444 2131 464 2222 ῆ
479 2138 687 2224 πρεσβυτέρα
706 2139 869 2224 ἐκαλεῖτο,
882 2133 903 2225 ῆ
917 2136 955 2206 δὲ
969 2138 1062 2227 ἕτίρα
1075 2144 1252 2225 Μαμμαία.

301 2244 417 2318 παῖδες
431 2238 469 2307 δὲ
480 2229 566 2326 ῆσαν
581 2244 621 2328 τῆ
640 2240 702 2327 μὲν
715 2241 925 2331 πρεσβυτέρᾳ
937 2236 1122 2321 Βασσιανδς
1135 2236 1251 2328 ὄνομα,

300 2348 339 2431 τῆ
355 2340 393 2411 δὲ
410 2342 557 2433 νεωτέρα
573 2337 765 2425 Ἀλεξιανύς
807 2338 874 2412 ῦπδ
895 2342 933 2412 δὲ
951 2357 1021 2424 ταῖς
1040 2338 1181 2432 μητράσι
1195 2345 1252 2413 καί

300 2450 339 2534 τῆ
353 2442 469 2534 μάμμη
483 2440 714 2534 άνετρέφοντο,
729 2441 747 2515 δ
760 2444 822 2534 μὲν
831 2444 1016 2526 Βασσιανδς
1029 2447 1107 2533 περὶ
1123 2451 1178 2532 ἔτη
1193 2473 1251 2532 γε·

259 2575 285 2615 νο
300 2544 407 2636 χονοδς
439 2553 752 2638 τεσσαρεσκαίδεκα,
786 2545 804 2617 δ
835 2547 874 2618 δὲ
896 2545 1079 2630 Ἀλεξιανδς
1108 2546 1250 2616 δεκάτου

298 2656 393 2731 ἔτους
407 2649 620 2740 ἐπιβεβηκώς.
657 2653 793 2739 ίέρωντο
808 2650 846 2719 δὲ
858 2646 954 2719 αύτοί
969 2655 1040 2741 θεῷ
1053 2644 1152 2741 ῆλίρι·
1168 2655 1279 2723 τοῦ-ί

298 2780 356 2822 τον
381 2752 446 2842 γὰρ
468 2758 503 2822 οί
525 2752 695 2843 ἐπιχώριοι
717 2754 866 2842 σέβουσι,
889 2758 928 2842 τῆ
956 2757 1125 2821 Φοινίκων
1150 2759 1248 2842 φωνῆ

294 2852 553 2946 Ἐλαιαγάβαλον
581 2863 770 2937 καλοῦντες.
813 2851 897 2937 νεοδς
920 2855 958 2925 δὲ
983 2851 1080 2947 αύτῷ
1096 2857 1247 2946 με’χιστος

297 2959 539 3030 κατεσκεύαστο
553 2956 673 3049 αύτοῦ,
687 2966 801 3053 χρυσῷ
814 2965 925 3052 πολλῷ
938 2955 1137 3052 καλάρχύρχο
1150 2986 1247 3028 κεκο-

260 3091 283 3131 τε
296 3065 462 3152 σμημένος
475 3070 583 3134 λίθοιν
603 3092 638 3134 τε
658 3070 864 3155 πολυτελείᾳ.
903 3062 1125 3153 θρησκεύεται
1151 3063 1187 3131 δὲ
1206 3058 1246 3131 ού

296 3165 402 3254 μόνον
415 3165 499 3257 πρὸς
512 3174 580 3237 τῦν
593 3171 790 3256 ἐπιχωρίων,
806 3163 889 3236 ιἰλλδι
903 3168 959 3235 καὶ
973 3165 1092 3246 πάντες
1106 3170 1142 3234 οί
1157 3192 1246 3252 χειτ-

296 3276 433 3351 νιοῦντες
448 3268 612 3359 σατράπαι
633 3298 668 3339 τε
688 3272 745 3340 καλ
764 3278 910 3360 βασιλεῖς
930 3268 1093 3359 βάρβαροι
1114 3275 1247 3357 φιλοτί-

296 3400 364 3460 μως
388 3374 555 3461 πέμπουσι
574 3379 620 3465 τῷ
639 3379 711 3465 θεῷ
731 3373 871 3443 ἑκάστου
888 3379 949 3441 τοῦ
967 3378 1060 3453 ἐτους
1080 3379 1245 3459 πολυτελῆ

297 3472 504 3565 ἆναθῆματα.
555 3473 685 3564 άχαλμα
698 3475 760 3564 μὲν
772 3466 850 3566 οῦν,
873 3471 982 3565 ὥσπερ
998 3470 1076 3564 παρ’
1091 3470 1248 3563 Ἕλλησιν
1262 3495 1278 3545 5

265 3594 285 3635 ³⁰
297 3572 318 3666 ῆ
328 3574 515 3668 Ῥωμαίοις,
530 3575 632 3649 ούδδν
646 3581 761 3666 ἕστηκε
773 3585 1013 3669 χειροποίητον,
1034 3586 1120 3648 θεοῦ
1142 3580 1247 3666 φέρον

300 3682 428 3753 είκόνα·
447 3690 544 3764 λίθος
558 3683 598 3752 δέ
617 3710 665 3763 τις
679 3688 747 3751 ἐστι
759 3683 926 3770 μέγιστος,
941 3680 1095 3751 κάτωθεν
1108 3704 1249 3766 περιφε-

301 3783 373 3874 ρής,
387 3784 501 3873 λῆγον
515 3789 548 3869 ἐς
567 3782 724 3877 ὀξύτητα·
744 3784 924 3871 κωνοειδὲς
948 3780 1042 3879 αύτῷ
1062 3781 1267 3872 emm&-

332 3916 509 3958 πεεοοτλπ.
746 3922 748 3926 ’
1109 3894 1134 3955 (δ
