3134 4367
318 421 377 482 116
686 424 905 484 ΤΕΤΑΡΓΟΝ

202 638 207 650 =
311 594 524 685 Ἀρσακίδας·
538 597 595 664 καὶ
608 592 653 683 μή
667 598 740 664 δεῖυ
748 597 932 685 μηδέτερον
945 596 1041 683 γένος
1054 596 1270 667 νοθεύεσθαι.

268 715 303 774 11
316 699 357 770 τὰ
376 701 438 789 μέν
459 690 659 787 ούνπρῶτα
683 697 820 767 τοιαύτά
841 727 916 768 τινα
940 702 1142 770 ἐπιστέλλων
1163 727 1271 792 παρη-

314 820 417 873 τεῖτο·
433 804 626 891 ἐγκειμένου
637 801 675 871 δέ
689 808 749 870 τοῦ
773 798 991 890 Ἀντωνίνου,
1006 803 1126 893 δῶροις
1139 831 1176 873 τε
1190 816 1272 876 πολ-

313 917 383 988 λοῖς
397 908 453 977 καὶ
469 902 582 996 ὅρκοις
594 903 656 993 τήν
675 902 758 993 πρὸς
780 902 840 975 τόν
856 904 964 993 γάμον
983 907 1137 995 σπονδήν
1161 934 1198 976 τε
1217 910 1274 978 καί

314 1008 453 1080 εύνοιαν
469 1010 710 1097 πιστουμένου,
725 1014 879 1077 πείθεται
894 1004 911 1076 δ
929 1008 1188 1100 βάρβαρος,καί
1203 1012 1271 1080 δυ’-
1287 1028 1298 1069 ⁵

312 1138 387 1185 σειν
400 1141 435 1183 τε
448 1109 666 1199 ὑπισχνεῖται,
680 1118 777 1181 καλεῖ
789 1138 824 1180 τε
837 1111 990 1199 γαμβρὸν
1008 1113 1179 1201 ἐσόμενον.
1199 1120 1274 1183 δια-

313 1216 503 1307 δραμούσης
517 1215 555 1284 δέ
568 1222 625 1303 της
639 1214 750 1302 φήμης
769 1220 804 1283 οί
822 1216 884 1302 μὲν
898 1215 1061 1305 βάρβαροι
1081 1212 1275 1306 εὐτρέπιζον

313 1321 421 1393 πάντα
435 1323 468 1399 ἐς
483 1314 546 1407 τήν
560 1314 729 1406 ὑποδοχήν
742 1325 804 1387 τοῦ
819 1314 987 1405 Ῥωμαίων
995 1322 1169 1407 βασιλέως,
1184 1327 1274 1408 έχαι-

283 1424 376 1514 κρόν
388 1450 424 1493 τε
444 1422 578 1511 εἰρήνης
600 1427 741 1491 αἰωνίου
761 1424 888 1489 ἐλπίδι·
904 1417 922 1489 ὁ
936 1418 969 1490 δ’
984 1420 1183 1504 Ἀντωνῖνος
1199 1430 1274 1494 δια-

313 1525 374 1616 βδις
387 1524 466 1608 τούς
480 1522 649 1613 ποταμούς
662 1521 858 1610 ἀκωλύτως,
875 1524 1044 1606 εἰσελάσας
1057 1528 1090 1607 ἐς
1104 1524 1168 1614 τήν
1175 1534 1271 1613 Παρ-
1288 1551 1308 1592 ιι

311 1637 448 1701 θυαίων
470 1635 534 1719 γῆν
554 1624 598 1709 ῶς
618 1634 709 1697 ἰδίαν
728 1624 809 1716 ήδη,
834 1636 1005 1715 πανταχοῦ
1026 1636 1162 1699 θυσιῶν
1183 1628 1274 1723 αύτῶ

312 1736 573 1822 προσαγομένων
586 1739 710 1821 βωμῶν
722 1758 758 1800 τε
772 1732 996 1819 ε’στεμμένων,
1018 1728 1205 1821 ἀρωμάτων
1219 1736 1275 1803 καί

312 1837 534 1925 θυμιαμάτων
547 1842 716 1904 παντοίων
736 1836 1035 1923 προσφερομένων,
1055 1842 1187 1926 χαίρειν
1207 1853 1275 1917 τοῖς

313 1940 499 2028 γινομένοις
520 1933 586 2007 ὑπὸ
606 1944 676 2005 τῶν
695 1936 876 2025 βαρβάρων
896 1954 1135 2024 προσεποιεῖτο.
1172 1935 1217 2021 ῶς
1232 1940 1275 2009 δέ

313 2040 529 2131 προχωρήσας
550 2039 588 2109 τό
609 2068 644 2108 τε
672 2048 829 2108 πλεῖστον
852 2046 909 2128 τῆς
930 2036 1124 2131 ὁδοιπορίας
1145 2039 1273 2124 ἀνύσας
1287 2074 1306 2115 ιε

312 2142 377 2232 ήδη
391 2159 459 2225 τοῖς
477 2148 656 2232 βασιλείοις
674 2150 734 2211 τοῦ
751 2138 956 2230 Ἀρταβάνου
977 2147 1190 2233 ἐπλησίαζεν,
1211 2144 1274 2216 οὐκ

314 2244 494 2335 ἀναμείνας
513 2242 532 2315 δ
549 2243 749 2335 Ἀρτάβανος
770 2242 935 2332 ύπήντετο
958 2243 1048 2339 αύτῷ
1069 2250 1106 2317 ἐν
1133 2256 1182 2341 τῷ
1210 2249 1274 2336 πρὸ

314 2358 372 2439 της
385 2349 512 2431 πόλεως
525 2354 649 2441 πεδίῳ,
665 2347 876 2435 δεξιούμενος
890 2357 1041 2440 νυμφίον
1055 2351 1117 2439 μὲν
1134 2360 1193 2440 τῆς
1206 2363 1274 2422 θν-
1290 2383 1293 2389 ·

283 2452 437 2543 3γατρός
453 2450 604 2542 γαμβρὸν
626 2453 664 2521 δέ
684 2448 799 2522 αύτοῶ.
851 2460 919 2521 πᾶν
940 2453 978 2523 δὲ
998 2451 1035 2522 τό
1055 2460 1186 2542 πλῆθος
1207 2464 1275 2525 τῶν

235 2600 238 2604 -
314 2556 496 2647 βαρβάρων
522 2553 642 2625 άνθεσι
674 2571 742 2636 τοῖς
774 2559 963 2645 ἐπιχωρίοις
996 2562 1270 2646 κατεστεμμένον,
1286 2586 1307 2625 τι

314 2666 435 2750 ἐσθῆτί
446 2688 481 2730 τε
494 2666 607 2753 χρυσῶ
621 2661 677 2729 καί
691 2668 816 2749 βαφαῖς
837 2660 1012 2749 διαφόροις
1032 2666 1273 2753 πεποικιλμένη

314 2766 573 2853 κεκοσμημένον,
588 2763 738 2852 ἑώρταζε,
753 2762 837 2850 πρός
851 2792 886 2832 τε
898 2759 1025 2843 αύλοδς
1038 2765 1096 2832 καί
1108 2762 1273 2854 σύριγγας

314 2867 497 2954 τυμπάνων
520 2893 556 2935 τε
574 2862 676 2953 ήχους
703 2871 866 2954 ἐσκίρτων
891 2863 1088 2955 εὐρύθμως·
1116 2876 1274 2957 χαίρουσι

314 2967 378 3058 γάρ
404 2968 562 3056 τοιαύτην
584 2966 660 3036 τινὰ
680 2964 818 3057 ὄρχησιν
839 2969 1046 3057 κινούμενοι,
1067 2969 1152 3039 ἐπάν
1175 2981 1272 3043 οἰνου

285 3079 469 3153 σπλείονος
485 3075 734 3159 ἐμφορηθῶσιν.
763 3066 807 3149 ῶς
822 3070 858 3139 δέ
872 3078 940 3141 πᾶν
953 3079 1106 3161 συνῆλθε
1124 3071 1164 3143 τδ
1182 3082 1270 3162 πλή-
1285 3098 1307 3139 ιι

315 3184 396 3262 θος,
409 3182 478 3244 τῶν
494 3201 531 3243 τε
543 3179 655 3242 ἵππων
669 3171 855 3262 ἀπέβησαν,
876 3176 1041 3264 φαρέτρας
1061 3204 1097 3245 τε
1115 3179 1174 3246 καί
1194 3177 1271 3261 τόξα

316 3274 520 3366 ἀποθέμενοι
533 3278 611 3365 περὶ
624 3274 771 3357 σπονδάς
784 3279 840 3345 καί
849 3277 986 3359 κύλικας
1001 3278 1098 3367 εἰχον.
1113 3288 1272 3351 πλεῖστον

316 3381 354 3449 δέ
374 3389 503 3469 πλῆθος
520 3386 588 3450 τῶν
608 3380 789 3470 βαρβάρων
810 3377 987 3470 ήθροιστο,
1006 3384 1062 3452 καί
1086 3379 1130 3463 ῶς
1153 3390 1270 3472 ἔτυχεν

317 3481 464 3565 ἀτάκτως
479 3483 687 3572 εἱστήκεσαν,
709 3482 812 3554 οὐδὲν
833 3486 895 3572 μὲν
908 3483 1033 3556 ἀτοπον
1051 3492 1270 3575 προσδοκῶν-

287 3603 303 3653 5
317 3613 387 3675 τες,
403 3586 561 3658 σπεύδων
574 3587 611 3656 δέ
625 3589 758 3667 ἕκαστος
774 3593 859 3657 ἰδεῖν
873 3587 932 3658 τὸν
946 3595 1103 3678 νυμφίον.
1124 3591 1198 3661 τότε
1213 3587 1268 3679 ὑφ’
1285 3618 1307 3658 ιο

316 3693 369 3762 ἐνί
381 3691 572 3781 συνθήματι
584 3690 713 3762 κελεύει
734 3688 752 3761 ὁ
768 3688 963 3773 Ἀντωνῖνος
980 3699 1027 3786 τῷ
1049 3698 1124 3786 ἰδίφ
1140 3699 1269 3787 στρατῷ

301 3796 508 3888 ἐπιδραμεῖν
522 3798 580 3868 καί
595 3794 755 3889 φονεύειν
769 3793 847 3878 τούς
862 3795 1058 3885 βαρβάρους.
1086 3800 1270 3887 ἐκπλαγέν-
