3134 4367
361 400 400 462 88
761 404 911 463 TPITON

360 577 518 662 παρέσχε
544 574 646 663 νομάς
666 602 700 642 τε
722 573 981 663 μεγαλοφρόνως
1001 571 1135 653 ἐπιδούς
1155 576 1211 642 καὶ
1232 576 1314 655 θέας

360 679 494 757 τελέσας
505 679 697 764 ἐπινικίους,
712 681 796 746 έτῶν
809 674 872 746 ούκ
886 673 1009 764 ὀλίγων
1019 678 1055 745 ἐν
1068 683 1108 766 τή
1122 672 1228 766 Ῥώμη
1243 680 1314 747 διέ-

359 794 473 868 τριύε,
490 780 632 865 δικάζων
651 808 685 849 τε
699 788 845 868 συνεχως
859 782 915 849 καλ
935 778 974 848 τά
992 780 1143 851 πολιτικά
1163 786 1313 868 διοικῶν,

324 899 342 951 3
359 883 437 964 τούς
449 911 484 952 τε
497 888 581 964 υλεϊς
600 884 770 952 παιδεύων
783 885 840 951 καλ
853 890 1080 971 σωφρονίζων.
1133 892 1169 954 οἳ
1178 886 1218 952 δέ
1233 880 1314 973 (ήδη

357 986 511 1077 μειράκια
524 982 641 1077 ήστην)
655 983 721 1055 ύπδ
735 994 793 1074 τῆς
807 989 844 1056 έν
855 981 960 1076 Ῥύμῃ
973 993 1102 1075 τρυφῆς
1116 990 1172 1056 καλ
1185 993 1313 1076 διαίτης
1328 1010 1341 1051 ι

356 1096 414 1177 τῆς
427 1117 462 1157 τε
478 1091 554 1181 περλ
567 1089 606 1159 τά
619 1091 745 1176 θέατρα
759 1087 1034 1179 ὑπερβαλλούσης
1047 1096 1196 1179 σπουδής
1217 1087 1312 1181 ήνιο-

355 1200 445 1279 χείας
458 1220 494 1261 τε
513 1195 569 1262 καλ
587 1189 753 1280 ὀρχήσεως
766 1194 807 1261 τὰ
820 1188 889 1281 ήθη
903 1198 1147 1282 διεφθείροντο.
1181 1195 1265 1284 πρός
1277 1220 1312 1261 τε

355 1293 518 1383 ἀλλήλους
537 1298 726 1382 ἐστασίαζον
740 1301 776 1365 οί
790 1292 946 1383 ἀδελφοί,
968 1292 1008 1363 τδι
1027 1303 1141 1385 πρῶτα
1162 1297 1224 1385 μέν
1244 1293 1311 1366 ύτιὸ

356 1397 604 1485 παιδαριύδους
617 1405 823 1487 φιλονεικίας
832 1396 877 1467 δι’
894 1396 1047 1490 ὀρτύγων
1055 1399 1158 1488 μάχας
1168 1402 1225 1469 καλ
1235 1397 1311 1468 ἀλε-

357 1502 533 1591 κτρυόνων
552 1500 719 1590 συμβολάς
735 1502 840 1583 πάλας
858 1529 893 1570 τε
914 1507 1045 1571 παίδων
1066 1500 1221 1589 ἀλλήλοις
1240 1504 1309 1590 έρί-
1328 1532 1351 1573 ιι

328 1612 477 1687 εζοντες.
506 1602 527 1693 ή
541 1633 576 1675 τε
590 1608 666 1693 περὶ
681 1603 720 1674 τά
733 1606 884 1693 θεάματα
898 1601 1011 1674 αὐτῶν
1028 1600 1050 1693 ή
1064 1604 1104 1674 τὰ
1121 1602 1311 1694 ἀκροάματα

355 1706 487 1797 σπουδή
510 1717 709 1797 φιλονείκως
735 1709 889 1778 ἑκάστοτε
911 1711 1091 1796 ἐμερίζετο·
1118 1712 1174 1778 καί
1194 1707 1311 1779 ούδενλ

355 1809 536 1899 ἀμφότεροι
551 1809 672 1899 ὁμοίως
686 1808 882 1901 ήρέσκοντο,
898 1808 981 1880 ἀλλὰ
995 1818 1063 1881 πάν
1083 1810 1122 1880 τδ
1141 1819 1186 1906 τῷ
1209 1814 1309 1905 ἑτέρω

354 1921 456 2000 φίλον
483 1921 528 2005 τῷ
551 1911 640 2007 ἀλλῳ
662 1914 787 2003 ἐχθρὸν
806 1904 858 2002 ήν.
895 1917 1101 2005 συνέκρουον
1123 1915 1161 1984 δέ
1186 1912 1311 1998 αύτούς

353 2017 562 2104 ἑκατέρωθεν
575 2022 657 2087 οἵτε
670 2017 809 2098 κόλακες
827 2018 883 2085 καὶ
898 2023 932 2086 ολ
943 2014 1158 2106 θεράποντες,
1172 2017 1256 2108 πρδς
1271 2016 1308 2087 τὸ
1326 2048 1349 2089 ιι

264 2156 270 2166 ·
350 2114 418 2205 ἡδύ
432 2126 489 2207 τῆς
508 2115 637 2209 ήλικίας
655 2119 894 2200 κολακεύοντες
907 2121 962 2189 καλ
977 2116 1207 2202 ἀνθέλκοντες.
1237 2118 1309 2191 δδδ

352 2228 504 2311 Σευῆρος
523 2229 627 2293 ταῦτα
648 2222 906 2311 πυνθανόμενος
931 2222 1091 2313 συνάγειν
1111 2252 1146 2293 τε
1165 2228 1222 2294 καὶ
1241 2247 1309 2294 σω-

352 2333 524 2414 φρονίζειν
542 2329 703 2416 ἐπειρᾶτο.

320 2446 337 2495 5
454 2426 513 2498 τὸν
533 2430 571 2498 δέ
592 2429 835 2521 πρεσβύτερον,
858 2420 884 2522 ᾧ
906 2428 1045 2519 γνήσιον
1067 2430 1128 2518 μὲν
1146 2419 1189 2516 ήν
1203 2424 1308 2517 ὄνομα

349 2531 534 2615 Βασσιανδς
547 2535 627 2624 πρὶν
641 2536 673 2614 ές
687 2532 746 2603 τὸν
758 2539 929 2623 βασίλειον
943 2531 1035 2602 ολκον
1044 2540 1239 2621 παρελθεῖν,
1250 2528 1306 2601 ὅτε
1322 2558 1348 2597 ιο

349 2634 388 2703 δὲ
402 2631 464 2724 τήν
477 2644 534 2725 τής
549 2632 650 2727 ἀρχῆς
663 2634 771 2726 τιμήν,
780 2634 958 2725 εὐτύχησε,
980 2643 1130 2724 Σωτῆρος
1148 2631 1306 2705 Ἀντωνῑ-

348 2766 410 2807 νον
424 2733 593 2828 ὠνόμασε,
619 2739 765 2828 Μάρκου
786 2740 931 2828 θελήσας
953 2735 1057 2808 αύτδν
1078 2745 1307 2826 προσηγορίαν

348 2842 483 2930 φέρειν·
498 2839 640 2932 ήγάγετό
653 2871 689 2912 τε
704 2840 794 2935 αύτῷ
814 2858 973 2931 γυναῖκα,
988 2842 1082 2934 γάμῳ
1097 2848 1307 2929 σωφρονίσαι

348 2945 471 3013 θέλων.
505 2936 549 3033 ήν
570 2946 608 3014 δέ
628 2949 739 3033 ἐκείνη
759 2946 912 3033 θυγάτηρ
932 2950 993 3012 τού
1019 2939 1218 3032 ἐπάρχοντος
1239 2951 1307 3013 τῶν

319 3059 336 3112 6
349 3050 600 3137 στρατοπέδων
614 3045 825 3128 Πλαυτιαυὸς
839 3048 876 3115 δὲ
889 3038 933 3134 ήν
948 3043 1053 3136 ὄνομα
1067 3044 1168 3139 αύτῷ.
1186 3053 1305 3117 τοῦτον
1321 3080 1344 3121 τι

349 3148 389 3219 τὰ
408 3150 470 3238 μέν
490 3156 605 3239 πρῶτα
624 3157 681 3238 τῆς
709 3145 839 3238 ήλικίας
861 3146 977 3237 εύτελή
1000 3150 1101 3235 (τινές
1121 3147 1227 3219 αύτδν
1249 3152 1305 3220 καὶ

343 3257 627 3340 πεφυγαδεύσθαι
650 3259 766 3342 έλεγον
787 3248 908 3321 άλύντα
922 3255 976 3322 έπλ
996 3254 1129 3323 στάσεσι
1150 3254 1207 3322 καλ
1221 3261 1305 3322 πολ-

342 3364 415 3434 λοῖς
436 3350 696 3444 ἁμαρτήμασιν),
718 3352 799 3425 ὅντα
826 3356 863 3425 δέ
881 3364 1020 3445 πολίτην
1041 3359 1162 3426 ἑαυτοῦ
1184 3361 1305 3445 (Λίβυς

341 3455 409 3544 γάρ
423 3453 576 3539 κάκεῖνος
589 3449 662 3547 ἦν),
678 3455 722 3540 ὡς
736 3461 798 3547 μέν
818 3486 906 3539 τινες
926 3467 1060 3548 ἔλεγον,
1084 3458 1166 3546 πρὸς
1184 3462 1304 3546 γένους

341 3557 437 3654 αύτῷ
462 3556 670 3651 ὑπάρχοντα,
698 3559 740 3644 ὡς
768 3563 805 3631 δέ
828 3566 934 3652 ἕτεροι
959 3571 1087 3652 μᾶλλον
1114 3565 1301 3650 διέβαλλον,
1318 3588 1342 3629 ιο

341 3660 532 3755 ἀκμαζούση
546 3671 586 3754 τή
606 3660 719 3759 ἡλικίη
739 3665 922 3756 γενόμενον
941 3665 1094 3752 παιδικά,
1117 3664 1205 3752 πλήν
1226 3662 1299 3734 ἀλλ’

270 3813 290 3884 ι
341 3763 526 3858 ὁΣεεήρος
540 3771 576 3837 έκ
590 3776 710 3860 μικράς
729 3771 787 3839 καλ
807 3767 964 3851 εὐτελοῦς
982 3769 1081 3857 τύχης
1101 3771 1133 3850 ές
1153 3768 1302 3875 μεγάλην
