3134 4367
553 447 825 512 ΣΤΡΑΤΗΠΚΟΣ,
850 448 909 502 ΛΓ.
1171 457 1211 517 45

250 619 371 713 καιρόν
390 624 535 693 ἐπίνοιαι
553 627 649 711 νίκης
661 623 718 692 καὶ
730 618 1043 713 άντιστρατηγησεις
1055 629 1146 695 ἐστιν
1156 622 1213 695 ὅτε

250 727 308 796 καὶ
334 733 469 806 πλείους
489 726 546 794 καὶ
566 724 842 813 θανμασιάτεραι
865 733 1038 815 γίγνονται
1061 743 1130 807 τοῖς
1150 725 1212 817 τὴν

248 827 474 918 στρατηγικὴν
486 831 661 915 ἐμπειρίαν
673 824 864 917 ἠσκηκόσιν,
873 825 980 908 άςούκ
988 836 1079 899 ἐστιν
1085 824 1212 919 ὑποση-

249 934 353 1020 μῆναι
361 928 481 1023 λόγωῆ
486 934 742 1019 προβουλεῦσαι.
760 940 809 1001 10.
817 926 929 1020 ὥσπερ
938 930 1044 1022 γάροί
1046 937 1212 1022 κυβερνη-

249 1059 305 1102 ται
324 1031 407 1123 πρὸς
426 1034 488 1121 μὲν
506 1031 566 1101 τόν
585 1036 693 1101 πλοῦν
708 1035 746 1101 ἐκ
759 1034 904 1120 λιμένων
916 1030 1098 1123 ἀνάγονται
1112 1030 1255 1103 πάντ’99

250 1137 467 1225 ἐξηρτυμένοι
490 1133 531 1204 τά
555 1132 640 1203 κατά
659 1132 720 1224 τὴν
740 1138 845 1220 ναῦν,
868 1134 1007 1206 ἐπειδάν
1029 1132 1065 1205 δ’
1086 1138 1212 1226 ἐμπέση

248 1234 392 1327 χειμύν,
412 1235 473 1325 ούχ
500 1234 520 1306 ό
540 1236 721 1325 βούλονται
740 1242 913 1324 ποιοῦσιν,
935 1235 1013 1308 ἀλλ’
1032 1234 1211 1328 όάναγκά-

249 1349 362 1425 ζονται
370 1392 380 1427 ,
401 1338 507 1409 πολλὰ
526 1340 584 1409 καὶ
603 1336 686 1429 πρὸς
699 1336 759 1408 τόν
773 1336 838 1409 άτιό
853 1345 910 1427 τῆς
923 1339 1023 1429 τύχης
1036 1343 1212 1428 ἐπείγοντα

249 1447 414 1513 κίνδυνον
428 1440 595 1529 εὐτόλμως
616 1441 928 1530 παραβαλλόμενοι,
950 1444 1007 1512 καὶ
1017 1438 1059 1511 ού
1071 1441 1133 1531 τὴν
1145 1440 1211 1513 άπὸ

250 1550 310 1633 τῆς
329 1546 467 1632 μελέτης
486 1542 718 1632 εἰσφερόμενοι
737 1541 889 1633 μνήμην,
911 1540 996 1614 άλλόι
1016 1541 1079 1633 την
1093 1548 1130 1615 ἐκ
1143 1550 1212 1615 τάν

250 1650 379 1736 καιρῶν
391 1646 571 1736 βοήθειαν·
592 1642 699 1727 ούτως
714 1650 750 1715 οί
766 1648 945 1736 στρατηγοὶ
956 1645 1018 1736 τὴν
1030 1646 1094 1734 μὲν
1107 1648 1211 1718 δύνα-

249 1778 310 1838 μιν
337 1749 548 1835 ἐκτάξονσιν,
582 1744 673 1829 ὅπως
710 1755 806 1835 σφίσι
832 1756 1003 1837 νομίζουσι
1028 1756 1211 1836 συνοίσειν,

250 1849 392 1922 ἐπειδάν
419 1849 452 1921 δ’
486 1846 589 1920 ὁτοῦ
616 1852 764 1938 πολέμου
791 1856 930 1940 περιστῇ
956 1848 1081 1939 χειμών
1106 1850 1213 1921 πολλά

248 1953 393 2043 θραύων
412 1956 470 2024 καὶ
490 1953 733 2042 παραλλάττων
752 1956 810 2023 καὶ
830 1961 981 2033 ποικίλας
998 1951 1133 2041 ἐπάγων
1147 1981 1211 2023 ,πε-

250 2056 433 2145 ριστάσεις,
456 2052 476 2144 ἡ
496 2059 565 2125 τάν
585 2052 843 2144 άποβαινόντων
869 2060 907 2126 ἐν
925 2053 1116 2144 ὀφθαλμοῖς
1136 2054 1212 2138 όψις

250 2164 398 2247 ἐπιζητεῖ
413 2156 471 2238 τάς
495 2162 532 2228 ἐκ
551 2162 619 2227 τῶν
638 2162 767 2247 καιρόν
788 2164 956 2246 ἐπινοίας,
984 2155 1023 2239 ἃς
1043 2154 1064 2246 ἡ
1083 2156 1213 2247 ἀνάγκη
1224 2173 1272 2224 100

249 2267 309 2350 τῆς
317 2260 418 2350 τύχης
432 2264 560 2350 μᾶλλον
573 2256 595 2349 ἦ
609 2256 629 2349 ἡ
642 2260 755 2348 μνήμη
767 2264 825 2348 τῆς
838 2264 1010 2350 ἐμπειρίας
1020 2256 1213 2349 ὑποβάλλει.

553 2648 822 2720 ΚΕΦΑΛΑΙΟΝ
847 2648 915 2719 ΛΓ.

324 2814 427 2874 [ΠΕΡΙ
444 2812 521 2865 ΤΟΤ
539 2813 596 2864 ΜΗ
614 2812 690 2863 ΤΟΝ
706 2810 930 2864 ΣΤΡΑΤΗΓΟΝ
946 2808 1149 2863 ΑΤΤΟΧΕΙΡΙ

623 2896 843 2956 ΠΟΛΕΜΕΙΝ.]

304 3082 332 3142 1.
341 3073 517 3159 Μαχέσθω
531 3066 565 3140 δ’
580 3064 598 3139 ὁ
614 3065 904 3160 στρατηγὸςαύτός
914 3064 1218 3157 προμηθέστερονῆ

250 3174 510 3263 τολμηρότερον,
531 3169 624 3261 ἢκαλ
646 3171 683 3242 τό
703 3172 865 3262 παράπαν
881 3169 1059 3259 άπεχέσθω
1074 3174 1135 3239 τού
1148 3187 1218 3251 τοῖς

249 3285 421 3367 πολεμίοις
435 3283 483 3357 είς
495 3291 608 3365 χεῖρας
620 3277 726 3345 ίέναι·
741 3278 797 3345 καὶ
811 3273 875 3365 γάρ
891 3281 922 3344 εί
936 3270 1020 3344 κατά
1035 3271 1114 3354 τούς
1127 3270 1216 3362 άγω-

249 3409 312 3462 νας
332 3378 588 3471 άννπίρβλητον
614 3375 759 3467 άνόρίαν
786 3380 1031 3467 εἰσενέγκαιτο,
1058 3382 1219 3445 τοσοῦτον

249 3482 354 3554 οὐδὲν
368 3480 539 3571 ὠφελῆσαι
553 3480 695 3551 δύναται
710 3479 901 3570 στράτευμα
914 3479 1116 3568 μαχόμενος,
1137 3476 1219 3547 ὅσον

249 3583 437 3658 άποθανάν
456 3582 599 3674 βλάψαι·
621 3586 813 3672 στρατηγοῦ
835 3581 900 3670 γάρ
920 3578 941 3669 ἡ
966 3580 1086 3670 γνιόμη
1114 3584 1218 3649 πλέον

250 3689 358 3776 ι’σγύει
372 3685 565 3777 τῆςβάμης·
577 3693 608 3757 2.
623 3684 778 3778 στόματος
789 3684 852 3778 μὶν
861 3680 1253 3775 γὰρᾶνδολογόοῖκσοω

229 3794 323 3873 ma
333 3791 394 3857 καὶ
405 3789 619 3885 στρατιώτης
632 3792 814 3885 δύναται,
836 3785 1053 3884 γνώμης-δε
1067 3772 1289 3866 ποῡῦἣῧῑέἣ
