3134 4367
670 414 888 474 TETAPTON
1194 411 1251 496 τοι

297 591 340 675 τῶ
353 586 437 672 πυρὶ
452 579 714 672 ἀνελευσόμενος
727 587 761 664 ἐς
773 582 833 653 τὸν
846 586 983 675 αίθέρα,
997 580 1034 665 ὃς
1055 586 1172 674 φέρειν
1186 580 1251 654 ἀπὸ

297 695 354 775 γῆς
367 691 402 767 ἐς
417 683 567 776 οὐρανὸν
585 684 648 776 τὴν
666 695 726 757 τοῦ
746 689 912 776 βασιλέως
928 685 1040 775 ψυχὴν
1061 688 1251 758 πιστεύεται

297 786 360 859 ὑπὸ
377 787 564 877 Ῥωμαίων·
578 793 636 860 καὶ
649 793 681 873 ἐξ
695 794 827 861 ἐκείνου
840 788 922 879 μετὰ
935 798 1004 861 τῶν
1018 797 1144 860 λοιπῶν
1158 798 1251 861 θεῶν

286 893 529 984 ’θρησκεάεται
755 889 758 900 ’

272 1016 283 1056 ⁶
395 996 522 1083 ταύτην
545 993 586 1083 δὴ
609 993 671 1084 τὴν
697 995 795 1085 τιμὴν
815 996 1048 1075 ἐκθειάσαντες
1075 1001 1110 1065 οί
1133 1002 1282 1076 παῖδες3

295 1096 351 1167 τὸν
365 1101 493 1188 πατέρα
508 1102 701 1187 ἐπανῆλθον
715 1102 747 1180 ἐς
763 1097 804 1168 τά
817 1105 978 1186 βασίλεια.
1016 1100 1048 1180 ἐξ
1070 1102 1201 1169 ἐκείνου
1216 1099 1253 1168 δέ

295 1205 487 1285 ἐστασίαζον
507 1198 591 1289 πρὸς
615 1199 796 1289 ἀλλήλους,
818 1205 957 1290 ἐμίσουν
975 1228 1011 1271 τε
1034 1204 1090 1271 καὶ
1111 1201 1253 1289 ἐπεβού-

295 1312 410 1374 λευον·
432 1304 540 1375 πάντα
560 1332 597 1373 τε
617 1311 777 1393 ἔπραττεν
798 1306 951 1395 ἑκάτερος
970 1305 1175 1393 πειρῶμενος
1194 1302 1254 1372 τὸν

295 1404 446 1497 ἀδελφὸν
466 1404 764 1478 ἀποσκευάσασθαι
783 1411 817 1488 ἐς
832 1405 935 1477 αῦτόν
956 1435 992 1477 τε
1011 1409 1116 1496 μόνον
1136 1434 1254 1496 περια-

264 1543 284 1584 ιο
297 1526 415 1599 γαγεῐν
445 1508 507 1598 τὴν
529 1509 644 1599 ἀρχήν.
697 1513 883 1599 ἐμερίζοντο
911 1511 949 1579 δὲ
974 1513 1032 1579 καί
1054 1513 1191 1581 πάντων
1217 1516 1255 1579 αἱ
1267 1521 1283 1571 2

296 1621 445 1702 γνῶμαι,
460 1610 533 1683 ὅσοι
552 1617 589 1683 ἐν
609 1612 742 1696 ἀξιώσει
762 1608 783 1702 ἢ
804 1620 881 1704 τιμῇ
899 1614 967 1682 τινὶ
986 1603 1073 1702 ἦσαν
1091 1613 1174 1683 κατὰ
1193 1612 1255 1700 τὴν

296 1717 412 1787 πόλιν·
428 1722 500 1808 ίδίμ
516 1714 581 1806 γάρ
596 1713 709 1786 αὐτῶν
724 1715 878 1806 ἑκάτερος
891 1718 1066 1786 ἐπέστελλέ
1077 1745 1112 1785 τε
1125 1715 1255 1786 λανθά-

296 1848 366 1889 νων
380 1821 439 1889 καί
452 1816 631 1912 ᾠκειοῦτο,
652 1819 811 1907 μεγάλαις
833 1816 1030 1907 ὑποσχέσεσι
1048 1818 1131 1908 πρὸς
1152 1814 1266 1888 αὑτὸν

297 1919 486 1993 ἀνθέλκων.
523 1924 580 1992 καὶ
599 1922 637 1991 τό
657 1950 696 2014 γε
716 1931 873 1993 πλεῖστον
892 1924 992 2014 μέρος
1014 1926 1047 2004 ἐς
1066 1922 1126 1993 τδν
1147 1924 1255 1991 Γέταν

262 2060 282 2099 ιι
298 2032 432 2115 ἐβλεπε·
449 2033 638 2114 φαντασίαν
657 2025 721 2113 γάρ
738 2054 814 2095 τινα
832 2028 1009 2107 ἐπιεικείας
1028 2029 1253 2112 ἐπεδείκνυτο,

296 2129 432 2218 μέτριόν
445 2156 481 2199 τε
494 2130 551 2199 καὶ
564 2136 673 2216 πράον
687 2126 808 2199 ἑαυτὸν
822 2144 890 2209 τοῖς
898 2136 1074 2218 προσιοῦσι
1087 2144 1255 2217 παρεῖχεν,

297 2230 540 2320 ἐπιτηδεύμασί
555 2259 591 2301 τε
610 2232 882 2320 σπουδαιοτέροις
896 2234 1022 2323 ἐχρῆτο,
1037 2231 1253 2321 προσιέμενός
1268 2242 1286 2295 3

297 2362 332 2404 τε
351 2333 433 2415 τοῦς
453 2336 508 2404 ἐπὶ
527 2339 663 2426 παιδείᾳ
683 2336 962 2422 ἐπαινουμένους,
984 2332 1198 2416 ἐσπουδακῶς
1221 2362 1256 2403 τε

298 2440 375 2527 περὶ
389 2444 598 2525 παλαίστραν
612 2440 668 2507 καί
681 2434 850 2526 γυμνάσια
870 2437 1050 2527 ἐλεύθερα·
1069 2436 1208 2526 χρηστός
1221 2464 1257 2506 τε

261 2571 285 2611 ω
301 2536 350 2611 ῶν
371 2543 430 2611 καὶ
449 2540 691 2630 φιλάνθρωπος
708 2556 777 2621 τοῖς
798 2546 957 2627 συνοῦσι,
978 2540 1071 2630 φήμῃ
1097 2541 1154 2608 καὶ
1177 2537 1257 2627 δόξῃ

299 2640 420 2733 ἀρίστῃ
439 2650 574 2724 πλείους
591 2647 624 2724 ἐς
651 2640 790 2713 εῦνοιαν
813 2644 870 2712 καί
890 2648 1006 2730 φιλίαν
1027 2649 1256 2730 προυκαλεῖτο.
1326 2677 1329 2682 -

300 2743 318 2817 δ
341 2744 375 2817 δ’
397 2745 595 2826 Ἀντωνῖνος
614 2749 784 2835 ἐμβριθῶς
805 2743 845 2814 τά
864 2741 972 2815 πάντα
991 2746 1048 2814 καὶ
1067 2748 1259 2833 θυμοειδεῖς

300 2857 457 2939 ἐπραττε,
471 2848 558 2919 πολὺ
573 2850 610 2920 δὲ
631 2846 770 2938 ἀπάγων
783 2845 905 2918 ἑαυτὸν
918 2854 987 2917 τῶν
1006 2849 1258 2937 προειρημένων
1270 2856 1288 2907 4

300 2959 541 3043 στρατιωτικοῦ
561 2980 598 3021 τε
618 2954 675 3023 καί
700 2958 884 3041 πολεμικοῦ
910 2957 989 3040 βίου
1012 2950 1151 3040 ἐραστὴς
1175 2950 1260 3021 εἶναι

264 3090 288 3133 25
304 3071 548 3145 προσεποιεῖτο·
570 3053 654 3146 ὀργῇ
668 3084 704 3125 τε
722 3055 832 3126 πάντα
852 3054 1023 3143 πράττων,
1043 3057 1099 3125 καὶ
1113 3052 1260 3125 ἀπειλῶν

301 3165 429 3247 μῶλλον
455 3152 478 3246 ἢ
509 3165 658 3248 πείθων,
686 3160 783 3253 φόβῳ
809 3160 867 3228 καὶ
892 3155 956 3229 οῦκ
987 3154 1104 3250 εῦνοίρι
1139 3164 1260 3245 φίλους

301 3265 429 3332 ἐκτᾶτο.

404 3360 450 3444 ῶς
474 3363 706 3446 στασιάζοντας
727 3364 765 3433 δέ
786 3360 864 3456 τοῦς
888 3359 1055 3450 ἀδελφοὺς
1077 3366 1114 3432 ἐν
1137 3357 1289 3433 ἀπἀσιν“

303 3461 351 3547 οἷς
366 3474 547 3555 ἔπραττον,
561 3468 656 3555 μέχρι
668 3472 737 3535 τῶν
759 3462 1002 3535 εὐτελεστάτων
1021 3472 1146 3555 ἔργων,
1162 3461 1182 3554 ἡ
1196 3464 1261 3553 μή·
1359 3551 1363 3562 ¹

267 3600 290 3642 ω
306 3597 365 3659 τηρ
382 3568 544 3657 συνάγειν
557 3565 720 3658 ἐπειρᾶτο.
770 3574 832 3637 καί
847 3595 927 3638 ποτε
941 3572 1053 3651 ἔδοξεν
1067 3565 1191 3654 αὐτοῖς,
1206 3572 1261 3635 ἵνα
1276 3582 1293 3635 5

306 3671 346 3761 δὴ
360 3671 406 3762 μὴ
422 3672 578 3761 μένοντες
592 3674 629 3741 ἐν
641 3678 681 3761 τῇ
697 3666 803 3760 Ῥῶμγγ
823 3667 978 3758 ἀλλήλοις
998 3668 1261 3759 ἐπιβουλεύοιεν,

306 3783 487 3864 νείμασθαι
501 3773 562 3863 τὴν
576 3771 691 3865 ἀρχήν.
725 3774 972 3865 συναγαγόντες
986 3773 1032 3864 δὴ
1043 3770 1126 3851 τοὺς
1137 3768 1277 3859 πατρίς-
