3134 4367
303 411 361 473 106
389 475 392 485 ,
668 414 888 472 ΤΕΤΑΡΤΟΝ

299 583 404 672 υεύν,
421 590 506 653 ἔνθα
520 581 560 652 τά
574 600 692 673 σημεῖα
706 586 762 654 καὶ
781 582 822 653 τά
842 580 1011 673 ἀγάλματα
1032 590 1091 653 τοῦ
1112 604 1251 672 στρατο-

301 692 405 759 πέδου
419 704 672 775 προσκυνεῖται,
689 692 788 777 ῥίψας
809 685 929 757 ἑαυτὸν
950 690 982 768 ἐς
1001 694 1067 775 γήν
1087 683 1251 776 άμολόγει

300 820 335 862 τε
348 791 541 880 χαριστήρια
555 795 640 862 ἔθυέ
650 818 685 861 τε
699 790 854 879 σωτήρια.
870 787 914 870 τός
930 791 967 860 δὲ
982 793 1250 878 διηγγέλητούτο

300 911 369 975 τοῖς
381 892 610 983 στρατιώταις,
626 887 675 964 οἷν
687 902 721 964 οἳ
732 894 794 983 μὲν
808 890 872 982 ήδη
886 896 962 983 περὶ
976 891 1101 981 λουτρά
1116 893 1206 981 εἶχον
1220 903 1254 964 οἳ

268 1011 286 1064 6
301 999 338 1069 δέ
352 995 575 1086 ἀνεπαύοντο,
591 999 711 1078 πάντες
725 999 941 1084 ἐκπλαγέντες
953 1000 1128 1067 συνέθεον.
1182 993 1202 1066 δ
1215 998 1276 1067 δέί

300 1098 477 1191 προελθὼν
495 1098 607 1189 τὸμὲν
627 1100 779 1189 πραχθέν
799 1090 927 1180 εὐθέως
947 1098 1008 1188 ούχ
1029 1096 1252 1189 ὡμολόγησεν,

298 1204 378 1294 ἐβόα
389 1202 426 1273 δὲ
439 1206 644 1291 πεφευγέναι
656 1209 819 1272 κίνδυνον
826 1205 882 1272 καὶ
895 1202 1078 1292 ἐπιβουλήν
1090 1210 1252 1293 πολεμίου

298 1310 355 1377 καὶ
372 1312 514 1395 ἐχθροῦ,
535 1304 594 1376 τὸν
611 1304 760 1395 ἀδελφόν
779 1309 904 1394 λέγων,
924 1307 1018 1394 μόλις
1037 1334 1072 1376 τε
1093 1308 1152 1375 καὶ
1172 1305 1253 1395 μετὰ

299 1416 424 1497 πολλής
436 1405 541 1498 μάχης
554 1417 623 1479 τῶν
643 1413 776 1498 ἐχθρῶν
795 1412 1050 1498 κεκρατηκέναι,
1070 1416 1252 1481 κινδυνευ-

300 1514 430 1583 σάντων
444 1512 482 1581 δδ
496 1509 694 1602 ἀμφοτέρων
712 1506 776 1582 κάν
791 1514 851 1582 ἕνα
865 1511 985 1582 ἑαυτὸν
1005 1515 1141 1602 βασιλέα
1159 1541 1253 1602 τετη-
1269 1543 1288 1583 ιι

301 1623 425 1705 ρήσθαι
439 1611 505 1685 ὑπὸ
520 1624 577 1704 τής
593 1616 702 1704 τύχης.
740 1624 876 1686 τοιαῦτα
891 1616 932 1704 δή
945 1644 1020 1685 τινα
1033 1622 1182 1704 πλαγίως
1196 1621 1256 1706 έμ-·

301 1726 434 1808 φαίνων
456 1730 609 1789 νοεῖσθαι
629 1727 756 1808 μᾶλλον
783 1718 939 1807 ἐβούλετο
959 1717 999 1787 τά
1019 1720 1214 1810 πραχθέντα
1233 1715 1254 1807 ή

270 1836 287 1891 7
303 1820 497 1892 ἀκούεσθαι.
549 1819 755 1910 ὑπισχνεῖται
772 1822 810 1891 δὲ
823 1817 936 1902 αὐτοῖς
956 1818 1041 1911 ὑπὲρ
1061 1829 1119 1909 τῆς
1133 1823 1254 1892 ἑαυτοῦ

300 1931 462 2014 σωτηρίας
475 1926 530 1993 καλ
544 1933 724 2013 μοναρχίας
738 1925 863 2016 έκάστφ
877 1924 938 2011 μὲν
952 1924 1133 2016 στρατιύτη
1148 1930 1254 2014 δισχι-

299 2035 373 2108 λίας
391 2028 448 2096 καὶ
469 2034 687 2109 πεντακοσίας
707 2025 854 2116 δραχμάς
871 2022 1032 2113 Ἀττικάς,
1052 2035 1289 2117 προστίθησιν

300 2131 338 2200 δὲ
351 2137 396 2222 τῷ
411 2138 586 2223 σιτηρεσίῳ
600 2128 680 2200 ἀλλο
693 2137 753 2200 τοῦ
767 2133 969 2218 τελουμένου
982 2126 1095 2218 ήμισυ.
1123 2132 1255 2202 κελεύει

300 2260 336 2303 τε
357 2230 565 2315 ἀπελθόντας
584 2230 709 2314 αύτούς
734 2229 800 2322 ήδη
819 2229 1042 2321 ὑποδέχεσθαι
1068 2240 1106 2303 ἔκ
1132 2242 1255 2304 τετῶν

300 2342 393 2405 ναῶν
405 2338 543 2405 καὶτῶν
564 2342 749 2425 θησαυρῶν
762 2335 802 2405 τά
819 2335 985 2425 χρήματα,
1006 2343 1082 2425 μιᾶς
1103 2343 1159 2422 [τε]
1174 2333 1255 2427 ήμέ-

301 2467 361 2528 ρας
376 2436 521 2528 ἀφειδῶς
533 2441 645 2526 ἐκχέας
658 2439 765 2509 πάντα
779 2436 842 2509 ὅσα
861 2446 969 2509 ἔτεσιν
989 2436 1217 2511 ὀκτωκαίδεκα
1237 2438 1254 2510 ὁ

302 2550 454 2633 Σεεήρος
474 2538 618 2633 ήθροισέ
638 2570 674 2612 τε
695 2544 751 2612 καὶ
772 2544 984 2612 κατέκλεισεν
1010 2546 1042 2625 ἐξ
1068 2539 1253 2634 ἀλλοτρίων
1269 2570 1291 2610 ω

270 2652 498 2736 Βσυμφορῶν.
556 2650 593 2715 οί
611 2645 648 2716 δέ
669 2652 866 2735 στρατιῶται
892 2652 1053 2715 τοσοῦτον
1078 2647 1255 2736 χρημάτων

301 2757 431 2837 πλῆθος
456 2745 672 2837 ἀκούσαντες,
698 2751 755 2818 καὶ
778 2751 934 2829 συνέντες
960 2747 996 2817 τὸ
1022 2752 1255 2839 πεπραγμένον

302 2846 366 2943 ήδη
386 2854 443 2919 καὶ
469 2858 530 2920 τοῦ
552 2852 661 2938 φόνον
683 2851 864 2939 διαβοήτου
891 2853 1073 2938 γενομένου
1094 2849 1161 2922 ὑπό
1189 2859 1255 2922 τῶν

302 2960 446 3026 ἔνδοθεν
460 2953 667 3041 φευγόντων,
676 2952 781 3040 μόνον
791 2980 827 3021 τε
836 2949 1062 3041 αὐτοκράτορα
1076 2952 1256 3047 ἀναγορεύ-

303 3079 401 3127 ουσιν
414 3052 518 3124 αὐτόν
534 3053 662 3125 καὶτὸν
675 3057 780 3125 Γέταν
797 3063 936 3124 καλοῦσι
950 3060 1119 3146 πολέμιον.
1268 3079 1291 3121 2⁵

269 3166 288 3223 5
406 3161 577 3245 ἐπιμείνας
596 3157 634 3226 δὲ
654 3154 672 3226 ό
689 3155 885 3238 Ἀντωνῐνος
906 3165 963 3247 τῆς
983 3158 1106 3241 νυκτὸς
1126 3164 1256 3251 ε’κείνης

302 3266 339 3332 ἐν
358 3268 404 3354 τῷ
426 3267 493 3352 νεῷ
512 3267 573 3331 τοῦ
593 3263 834 3348 στρατοπέδου,
856 3262 1028 3352 θαρρήσας
1051 3291 1087 3333 τε
1110 3267 1167 3334 καὶ
1186 3280 1256 3346 ταῖς

301 3364 492 3435 ἐπιδόσεων
518 3363 771 3451 οἰκειωσάμενος
797 3362 875 3445 τούς
899 3366 1116 3455 στρατιώτας,
1141 3371 1174 3450 ἐς
1196 3366 1256 3457 τήν

302 3468 490 3555 σύγκλητον
509 3474 655 3554 κατήλθε
668 3464 749 3555 μετὰ
763 3465 886 3549 παντὸς
899 3476 959 3538 τού
974 3477 1135 3558 στρατοῦ,
1151 3468 1255 3541 ὡπλι-

302 3572 427 3660 σμένου
440 3574 566 3658 μᾶλλον
579 3565 601 3656 ή
614 3575 693 3651 ἔθος
706 3571 774 3639 ἐστὶ
795 3574 932 3658 βασιλέα
952 3574 1169 3661 προπέμπειν.
1186 3581 1253 3644 είσ-
1269 3592 1292 3634 ³⁰

304 3671 417 3744 ελθῶν
439 3673 477 3742 δὲ
496 3673 552 3741 καὶ
566 3671 690 3761 θύσας,
711 3680 771 3742 τού
791 3701 827 3743 τε
849 3681 1022 3762 βασιλείου
1035 3675 1153 3765 ἐπιβάς
1171 3677 1256 3766 θρό-

238 3843 241 3886 ,
263 3791 380 3864 mov,
396 3778 489 3859 ἔλεξε
507 3774 629 3846 τοιάδε.
677 3772 763 3847 “ούκ
777 3773 889 3865 ἀγνοῶ
908 3778 970 3865 μὲν
984 3776 1035 3849 ότι
1049 3786 1113 3861 πᾶς
1132 3787 1255 3851 οἰκείου
