3134 4367
689 403 863 463 ΟΓΔΟΟΝ
1187 403 1246 467 193

283 574 342 644 καὶ
356 568 466 654 άλλως
479 573 648 663 αἰδέσιμος
662 567 721 661 ῶν,
738 579 777 643 έν
791 600 828 643 τε
841 578 883 665 τῇ
895 568 1063 664 Ῥωμαίων
1076 582 1174 669 φωνῇ
1189 575 1248 649 εό-

283 676 481 766 πρόσφορος
494 679 532 746 ἐν
550 676 679 765 λόγοις,
702 680 857 759 ἐπιεικῶς
877 705 913 748 τε
934 674 1049 748 αὐτῶν
1067 680 1246 769 προεστῶς,

284 786 399 849 ἔπεισε
411 780 527 869 μένειν
541 782 578 849 έν
592 795 661 861 τοῖς
673 782 921 869 προκειμένοις,
936 781 1016 872 νοός
1035 809 1071 852 τε
1090 785 1246 873 πρέσβεις

283 878 478 973 ἀπράκτους
494 878 629 953 ἀπιέναι
643 885 830 953 ἐκέλευσεν.
862 885 993 973 ἐλέγετο
1007 885 1046 955 δὲ
1066 892 1106 976 τῇ
1127 886 1245 956 ένστά-

251 1019 266 1058 ε
283 1006 337 1056 σει
349 992 412 1055 τοῦ
426 987 575 1075 πολέμου
588 988 851 1075 έμμεμενηκέναι
864 994 1000 1058 πολλῶν
1021 993 1122 1058 ἔνδον
1136 984 1245 1059 όντων

281 1091 362 1179 περὶ
375 1088 522 1179 θυτικήν
540 1116 577 1159 τε
596 1091 654 1159 καὶ
673 1085 924 1176 ἡπατοσκοπίαν
945 1094 1128 1181 ἐμπείρων,
1151 1091 1192 1160 τά
1210 1120 1246 1162 τε

283 1190 358 1281 ίερά
380 1202 473 1290 αίσια
501 1187 799 1282 άπαγγελλόντων·
821 1192 962 1281 μάλιστα
982 1193 1045 1283 γὰρ
1066 1201 1107 1285 τῇ
1128 1197 1245 1275 σκέψει
1292 1239 1295 1243 ι

281 1295 388 1386 ταύτῃ
401 1294 620 1365 πιστεύουσιν
633 1291 823 1365 Ἰταλιῶται.
875 1298 931 1365 καί
944 1299 1085 1387 χρησμοί
1099 1300 1139 1367 δέ
1156 1326 1245 1379 τινες
1257 1310 1275 1363 8

281 1401 436 1469 ἐδίδοντο
451 1395 497 1480 ῶς
512 1397 554 1487 δη
567 1404 628 1468 τοῦ
642 1402 824 1488 ἐπιχωρίου
838 1406 924 1468 θεοῦ
939 1408 1039 1489 νίκην
1058 1397 1244 1490 ὑπισχνου-

246 1539 266 1579 10
281 1504 403 1589 μένου·
417 1503 520 1571 Βέλιν
539 1502 578 1571 δὲ
599 1508 740 1571 καλοῦσι
764 1506 901 1589 τοῦτον,
919 1503 1060 1591 σέβουσί
1078 1532 1114 1575 τε
1136 1499 1244 1595 ὑπερ-

281 1611 397 1693 φυῶς,
409 1600 602 1675 Ἀπόλλωνα
615 1604 702 1674 εἶναι
716 1606 901 1684 ἐθέλοντες.
923 1596 966 1674 οὗ
980 1609 1036 1675 καὶ
1050 1604 1111 1695 τὴν
1128 1606 1243 1677 εἰκόνα

280 1707 400 1797 ἔλεγόν
419 1735 508 1788 τινες
530 1714 599 1777 τῶν
623 1710 820 1797 Μαξιμίνον
853 1716 1065 1797 στρατιωτῶν
1093 1717 1243 1800 φανῆναι

279 1810 442 1891 πολλάκις
455 1814 492 1880 ἐν
505 1806 579 1903 άέρι
592 1806 678 1900 ὑπὲρ
698 1816 758 1899 τῆς
775 1809 904 1890 πόλεως
916 1815 1115 1901 μαχομένην.
1157 1809 1240 1902 ὅπερ
1255 1826 1272 1881 9

280 1924 348 1984 εἴτε
361 1910 498 2003 άληθῶς
512 1912 708 2004 ἐφαντάσθη
723 1921 828 2001 τισίν,
848 1908 870 2004 ἢ
884 1917 941 1984 καί
957 1917 1176 2004 βουλομένοις
1194 1916 1240 2006 μὴ

247 2012 483 2106 οάσχημονεῑν
505 2024 668 2087 τοσοῦτον
692 2015 836 2107 στρατὸν
854 2015 939 2106 πρὸς
965 2016 1063 2108 όχλον
1084 2024 1241 2109 δημοτῶν

277 2120 367 2192 πολὺ
388 2119 546 2190 ἐλάττονα
565 2118 610 2209 μὴ
630 2117 843 2209 ἀντισχόντα,
864 2125 979 2193 δοκεῖν
1000 2122 1039 2192 δὲ
1059 2118 1125 2192 ὑπό
1146 2130 1240 2193 θεῶν

278 2220 364 2293 άλλά
393 2221 438 2311 μὴ
471 2218 539 2294 ὑπὸ
568 2220 763 2314 άνθρῶπων
789 2231 1007 2313 νενικῆσθαι,
1041 2231 1148 2296 εἰπεῖν
1177 2224 1239 2314 οὐχ

277 2334 360 2415 ἔχω·
376 2324 414 2397 τὸ
427 2326 466 2397 δέ
478 2325 668 2419 παράδοξον
680 2334 738 2416 τῆς
747 2324 942 2416 ἀποβάσεως
957 2341 1049 2400 ποιεί
1060 2328 1168 2399 πάντα
1181 2357 1239 2400 πι-

277 2437 428 2501 στεῦσαι.

247 2572 260 2610 0
380 2530 470 2621 πλὴν
483 2538 552 2602 τῶν
568 2531 741 2621 πρέσβεων
755 2527 935 2619 άπράκτων
949 2528 1033 2620 πρὸς
1046 2535 1270 2619 Μαξιμῑνον4
1311 2579 1315 2587 -

274 2635 551 2723 ἐπανελθόντων,
585 2631 671 2725 ὀργῇ
702 2636 758 2703 καί
785 2641 886 2727 θυμῶ
912 2632 1083 2722 χρῶμενος
1108 2641 1238 2704 πλείονι

274 2735 436 2827 μάλλον’
417 2746 582 2828 ηπείγ.ετο
617 2737 690 2807 ἐπεὶ
704 2736 742 2806 δέ
763 2738 893 2825 ἐγένετο
913 2735 997 2825 πρός
1014 2764 1082 2805 τινι
1101 2746 1237 2863 ποταμῶ

273 2850 438 2935 μεγίστω,
453 2838 608 2930 άπέχοντι
621 2847 679 2930 τῆς
697 2838 826 2921 πόλεως
845 2854 965 2929 σημεῖα
986 2841 1233 2928 ἑκκαίδεκα,
1200 2870 1237 2911 το

274 2949 418 3071 ῥεῖθρον
442 2934 523 3035 εὗρε
544 2944 601 3014 διά
622 2972 658 3015 τε
678 2950 838 3033 μεγίστου
860 2943 992 3033 βάθους
1013 2945 1070 3013 καί
1091 2942 1238 3027 πλάτους

246 3049 485 3140 εφερόμενον
514 3054 581 3117 τῶν
608 3045 672 3138 γάρ
698 3043 951 3141 υπερκειμένων
980 3042 1072 3136 ὀρῶν
1098 3044 1156 3128 τάς
1185 3046 1232 3119 δι’
1250 3066 1268 3119 2

273 3150 358 3224 όλου
379 3158 440 3223 τοῦ
465 3158 627 3241 χειμῶνος
650 3158 810 3240 παγείσας
835 3150 949 3240 χιόνας
969 3146 1144 3221 λόουσα“
1126 3177 1147 3236 η
1173 3160 1234 3222 τοῦ

272 3265 369 3338 ἔτους
379 3252 451 3348 ῶρα
465 3256 662 3344 παμμεγέθη
675 3252 736 3323 τόν
748 3254 952 3344 χειμάρρουν
961 3252 1136 3344 εἰργάζετο.
1151 3250 1236 3327 άπο-

272 3388 331 3450 ρος
345 3350 410 3431 οὖν
423 3348 467 3448 ἦν
479 3355 501 3450 ἡ
515 3357 667 3447 διάβασις
680 3362 728 3449 τῷ
742 3364 887 3451 στρατῶ·
910 3356 972 3445 την
990 3355 1054 3450 γάρ
1070 3357 1234 3450 γέφυραν,

272 3471 374 3555 ἔργον
394 3464 479 3551 μέγα
498 3462 556 3553 καί
578 3460 756 3529 κάλλιστον
775 3456 843 3530 ὑπὸ
864 3466 932 3530 τῶν
949 3460 1052 3530 πάλαι
1069 3465 1236 3547 βασιλέων

246 3590 257 3631 ι
271 3567 499 3657 γεγενημένον
513 3568 550 3635 ἐκ
562 3564 774 3654 τετραπέδων
787 3571 915 3653 λίθων,
929 3571 1046 3635 πυλίσι
1065 3562 1139 3631 κατ’
1162 3563 1239 3633 66(-

265 3699 334 3757 γον
367 3664 610 3755 αόξανομεναις
641 3660 920 3762 ὑπειλημμένον,
954 3666 1170 3786 διηρηκεοαυ
1205 3664 1272 3780 w}

251 3768 581 3863 καταλελάκεσανοί
595 3769 811 3869 Ἀκυλήσιοι.
848 3770 936 3854 ovi&
954 3805 1024 3852 ουν
1043 3763 1217 3864 νεφῦἓαὲ
1228 3756 1300 3828 ὼ
1331 3809 1335 3814 ·

282 3898 470 3945 πεποοιακ.
1094 3882 1143 3946 Ὠ)
