3134 4367
343 414 401 477 186
705 416 923 508 σκευασα

339 595 419 659 οἵτε
432 586 612 678 μονομάχοι
627 584 884 675 τιτρωσκόμενοι
893 581 958 674 ήδη
972 585 1027 655 καὶ
1041 585 1182 675 ἑσπέρας
1191 605 1293 675 προσ-

337 691 454 781 ιούσης
480 689 642 761 ἀπελθεῖν
672 688 861 780 ήθέλησαν,
883 688 1085 777 θεασάμενοι
1113 685 1240 768 αύτούς
1265 694 1296 757 οἱ

337 803 536 882 στρατιῶται
552 791 846 882 ἀπεστραμμένους
861 794 917 861 καὶ
935 791 974 861 τά
996 799 1084 861 νῶτα
1105 790 1292 872 δεδωκότας

338 895 497 978 ἀπιόντας
518 926 553 967 τε
578 894 814 985 ἀμελέστερον,
846 898 1018 983 οἰομένους
1044 892 1088 983 μή
1115 893 1293 984 τολμήσειν

338 1005 530 1084 ἐπεξελθεῖν
543 998 677 1088 ὀλίγους
691 1000 814 1088 πλήθει
827 999 988 1090 τοσούτω,
1008 994 1200 1080 ἀνοίξαντες
1215 1004 1294 1086 αίφ·
1309 1015 1318 1055 5

337 1110 453 1185 νιδίως
466 1103 523 1184 τάς
536 1103 643 1183 πύλας
657 1106 845 1191 ἐπέδραμον
855 1108 899 1193 τῷ
909 1102 1013 1193 δήμω,
1029 1103 1085 1171 καὶ
1094 1101 1174 1183 τούς
1188 1129 1224 1172 τε
1235 1129 1295 1189 μο-

337 1208 504 1296 νομάχους
517 1204 731 1294 ἀπέκτειναν,
750 1213 811 1275 τοῦ
830 1231 865 1273 τε
886 1205 996 1293 δήμου
1011 1208 1094 1293 μέγα
1113 1233 1146 1274 τι
1166 1212 1295 1293 πλῆθος

337 1308 486 1381 ἀπώλετο
501 1306 708 1397 ὠθούμενον.
738 1317 773 1378 οἳ
791 1307 829 1378 δέ
841 1314 1002 1377 τοσοῦτον
1016 1308 1194 1390 διώξαντες
1216 1304 1295 1378 ὅσον

336 1413 382 1502 μή
402 1412 488 1482 πολύ
508 1442 540 1483 τι
559 1420 619 1481 τοῦ
643 1415 870 1500 στρατοπέδου
891 1407 1090 1499 ἀποστήναι,
1113 1411 1217 1482 πάλιν
1237 1415 1295 1482 έπ-

338 1523 489 1604 ανήλθον
503 1514 595 1596 ἐντός
608 1544 644 1585 τε
658 1522 719 1585 τοῦ
733 1522 862 1603 τείχους
875 1520 1004 1602 έμενον.
1310 1538 1327 1579 ιι

289 1631 327 1691 12
440 1623 603 1689 ἐντεῦθεν
623 1627 744 1708 μείζων
763 1616 784 1707 ή
804 1615 888 1706 ὀργή
910 1624 969 1687 τοῦ
984 1644 1020 1686 τε
1035 1616 1144 1706 δήμου
1157 1617 1217 1686 καὶ
1239 1622 1294 1705 τής

337 1723 527 1812 συγκλήτου
548 1724 689 1810 ἐγένετο.
727 1727 910 1810 στρατηγοί
932 1747 967 1789 τε
987 1710 1050 1789 οὖν
1077 1721 1295 1807 κατελέγοντο

336 1833 374 1897 ἔκ
400 1855 435 1897 τε
462 1824 568 1914 πάσης
592 1822 728 1905 Ἰταλίας
754 1825 910 1913 λογάδες,
932 1819 955 1911 ή
981 1851 1016 1893 τε
1041 1830 1181 1893 νεολαία
1207 1829 1295 1893 πᾶσα

335 1925 528 2018 ήθροίζετο,
549 1925 663 2008 ὅπλοις
683 1956 718 1997 τε
738 1925 965 2015 αὐτοσχεδίοις
985 1927 1040 1996 καὶ
1059 1942 1127 2007 τοῖς
1146 1947 1294 2016 προστυ-

335 2038 454 2119 χοῦσιν
468 2028 634 2114 ὡπλίζετο.
669 2031 797 2099 τούτων
811 2029 852 2118 δή
866 2028 903 2098 τὸ
917 2029 978 2117 μέν
992 2037 1148 2099 πλεῖστον
1162 2030 1264 2119 μέρος
1278 2026 1295 2098 ὁ
1308 2062 1326 2102 15

336 2133 490 2222 Μάξιμος
505 2131 570 2202 σὺν
591 2129 682 2225 αύτῷ
698 2129 869 2221 ἀπήγαγεν
883 2130 926 2212 ὡς
940 2129 982 2220 δή
996 2136 1177 2225 Μαξιμίνω
1194 2142 1294 2203 πολε-

336 2236 469 2325 μήσων·
491 2242 527 2306 οί
551 2236 589 2305 δὲ
607 2238 718 2305 λοιποὶ
743 2243 894 2324 ἔμειναν,
917 2232 961 2316 ὡς
982 2234 1043 2324 τήν
1063 2236 1164 2306 πόλιν
1184 2264 1294 2325 φρου-

303 2342 430 2429 θροῖέν
444 2367 480 2409 τε
494 2341 552 2409 καλ
573 2347 808 2426 προασπίζοιεν
823 2336 935 2427 αύτής.
989 2339 1143 2409 ἑκάστοτε
1164 2330 1230 2409 ούν
1249 2345 1293 2433 τῷ

336 2449 437 2533 τείχει
458 2450 518 2513 τοῦ
531 2445 758 2531 στρατοπέδου
777 2446 927 2531 ἐγίνοντο
948 2449 1148 2531 προσβολαί,
1171 2450 1293 2532 έπρατ-

337 2575 396 2618 τον
419 2547 457 2618 δέ
476 2543 579 2617 οὐδὲν
599 2547 860 2635 προμαχομένων
882 2542 1018 2614 ἀνωθεν
1037 2553 1105 2615 τῶν
1129 2570 1288 2637 στρατιω-
1305 2574 1325 2613 τι

336 2657 421 2721 τῶν·
464 2659 499 2721 οἳ
524 2651 562 2720 δέ
588 2649 788 2739 βαλλόμενοι
815 2649 872 2718 καὶ
897 2648 1156 2738 τιτρωσκόμενοι
1183 2656 1293 2729 κακῶς

337 2751 585 2842 ἀπηλλάγησαν.
613 2750 684 2823 ὁδε
704 2760 870 2841 Βαλβῖνος
889 2763 975 2821 οίκοι
997 2754 1109 2839 μένων
1129 2750 1293 2841 διάταγμά

336 2883 372 2925 τε
390 2858 530 2944 προθείς
545 2857 671 2925 ίκέτευε
685 2854 744 2925 τὸν
758 2861 866 2943 δήμου
882 2857 914 2934 ές
934 2853 1114 2943 διαλλαγάς
1133 2863 1292 2945 χωρῆσαι,

337 2974 406 3040 τοῖς
420 2986 455 3028 τε
468 2957 683 3045 στρατιώταις
695 2954 887 3043 ὑπισχνεῖτο
903 2953 1103 3045 ἀμνηστίαν,
1125 2954 1244 3029 ἀνεσίν
1259 2985 1292 3028 τε

305 3073 325 3127 3
338 3062 473 3131 πάντων
482 3064 598 3130 έδίδου
608 3056 859 3148 ἁμαρτημάτων.
875 3055 942 3129 ἀλλ’
954 3057 1153 3150 οὐδετέρους
1162 3069 1288 3148 ἔπειθε,
1303 3086 1324 3127 τι

338 3162 375 3233 τὸ
391 3162 556 3234 δὲδεινὸν
576 3162 728 3231 ἑκάστοτε
747 3158 882 3249 ηύξετο,
898 3170 958 3232 τού
978 3163 1040 3251 μέν
1053 3164 1216 3235 τοσούτου
1231 3160 1291 3252 δή·

338 3294 405 3355 μου
424 3264 640 3349 ἀπαξιοῦντος
660 3261 721 3334 ὑπ’
743 3263 869 3354 ὀλίγων
888 3274 1206 3356 καταφρονηθῆναι,
1226 3275 1291 3337 τῶν

338 3369 376 3439 δὲ
389 3374 600 3456 στρατιωτῶν
610 3364 889 3455 ἀγανακτούντων
903 3366 953 3439 ὅτι
968 3368 1009 3459 δή
1023 3378 1127 3439 ταῦτα
1136 3367 1203 3443 ὑπὸ
1215 3368 1291 3441 Ῥω·

337 3480 447 3560 μαίων
461 3468 505 3553 ὡς
519 3468 585 3540 ὑπὸ
600 3472 780 3561 βαρβάρων
795 3472 968 3559 πάσχουσι.

439 3574 477 3646 τὸ
492 3573 533 3663 δή
548 3583 754 3663 τελευταῖον,
774 3573 889 3664 ἐπειδή
909 3582 1178 3665 τειχομαχοῦντες
1190 3572 1290 3645 οὐδὲν
1305 3608 1325 3650 ω

318 3686 493 3771 ἔπραττον
498 3737 509 3774 ,
527 3683 704 3767 έδοξετοῖς
718 3695 917 3773 στρατηγοῖς
932 3680 1070 3760 έκκδψαι
1081 3676 1293 3756 πάυτοςτοδς

300 3790 512 3881 είσρέσντας
523 3793 558 3878 ές
568 3789 612 3865 τὸ
624 3790 869 3888 στρατόπεδον
885 3778 1043 3874 ἀγωγοὺς
1054 3774 1194 3859 3³3th„
1203 3775 1320 3842 ww
