3134 4367
304 398 344 460 30
695 401 872 462 ΠΡΩΤΟΝ

223 638 226 647 .
303 574 468 665 τραχήλου
482 572 694 664 έκαρατόμει,
716 566 760 652 ως
780 579 849 643 τάν
869 579 1027 663 κεφαλῶν
1046 571 1263 664 ἀφῃρημένοις
1314 632 1318 642 .

304 675 390 775 ὁρμῇ
403 684 465 748 τοῦ
476 681 595 765 βέλους
609 682 656 746 ἔτι
671 686 828 766 περιθεῖν
842 674 943 759 αύτάς
957 672 1001 757 ὡς
1014 678 1119 767 μηδὲν
1128 677 1260 747 παθού-

274 792 375 862 6σας.
410 782 605 872 παρδάλεως
625 783 666 849 δέ
682 806 762 848 ποτε
784 778 930 875 όξυτάτςο
951 781 1064 875 δρόμῳ
1083 779 1143 850 τὸν
1162 784 1260 849 ἐκκα-

303 885 468 973 λούμενον
481 882 742 971 καταλαβούσης,
752 883 887 971 φθάσας
900 891 947 978 τῷ
960 881 1103 978 ἀκοντίφ
1117 887 1260 973 μέλλου-

303 1011 367 1060 σαν
387 989 564 1081 θήξεσθαι,
584 984 647 1075 τὴν
672 986 734 1074 μὲν
753 983 927 1058 ἀπέκτεινε
946 985 1007 1058 τόν
1027 988 1064 1058 δὲ
1086 988 1259 1077 ἐρρύσατο,
1279 1017 1291 1056 5

303 1091 438 1183 φθάσας
450 1098 490 1181 τῇ
503 1096 565 1160 τού
579 1090 717 1180 δόρατος
724 1096 825 1180 αἰχμῇ
835 1090 897 1181 τὴν
905 1097 974 1161 τῶν
983 1088 1132 1162 ὀδόντων
1139 1088 1261 1180 ἀκμήν.

302 1196 449 1267 λεόντων
463 1199 503 1265 δέ
514 1221 594 1264 ποτε
611 1197 644 1277 ἐξ
657 1190 834 1281 ὑπογαίων
848 1194 966 1265 ἑκατὸν
979 1192 1263 1286 ἀναρριφθέντων

303 1306 495 1390 ἰσαρίθμοις
508 1295 674 1378 ἀκοντίοις
688 1297 814 1378 πάντας
827 1296 1033 1385 ἀπέκτεινεν,
1050 1294 1093 1378 ως
1108 1300 1161 1367 ἐπὶ
1175 1296 1262 1368 πολύ

301 1406 466 1491 κειμένων
486 1408 554 1471 τῶν
574 1401 760 1491 πτωμάτων
780 1399 827 1471 δι’
850 1400 931 1474 αὐτό
951 1407 1049 1472 τούτο
1069 1403 1123 1471 ἐπὶ
1143 1407 1262 1490 σχολῆς

301 1506 427 1586 πάντας
441 1504 626 1595 ἀριθμῆσαι
636 1508 692 1574 καὶ
702 1505 809 1593 μηδὲν
823 1511 911 1575 ίὸεῐν
924 1504 1079 1596 περιττὸν
1092 1502 1258 1574 ἀκόντιον.
1279 1532 1302 1571 ιο

270 1626 287 1681 7
403 1609 567 1699 μέχριμὲν
581 1600 644 1678 οὖν
656 1607 796 1696 τούτων,
806 1616 837 1678 εί
849 1611 904 1679 καὶ
918 1617 1088 1697 βασιλείας
1101 1607 1140 1677 τά
1154 1635 1258 1697 πρατ-

301 1713 424 1804 τόμενα
447 1705 491 1801 ἦν
512 1711 686 1801 ἀλλότρια,
709 1710 798 1801 πλὴν
824 1710 980 1805 ἀνδρείας
1006 1716 1062 1782 καὶ
1090 1710 1261 1799 εὐστοχίας

302 1814 392 1905 παρά
415 1834 483 1897 τοῖς
504 1815 694 1906 ὃχμύὸεσιν
720 1814 790 1903 εἶχέ
807 1844 884 1886 τινα
906 1816 1019 1907 χάριν·
1048 1817 1119 1886 ἐπεὶ
1143 1816 1179 1884 δέ
1203 1817 1260 1883 καὶ

302 1917 428 2009 γυμνός
442 1922 474 1999 ές
487 1918 524 1988 τό
538 1917 770 2008 ἀμφιθέατρον
792 1926 951 2008 εἰσῆλθεν
970 1916 1056 1989 ὅπλα
1076 1947 1111 1988 τε
1132 1916 1257 1988 ἀναλα-

301 2020 373 2111 βών
387 2020 599 2111 ἐμονομάχει,
612 2021 687 2091 τότε
701 2021 908 2113 σκυθρωπὸν
922 2023 1013 2093 εἶδεν
1026 2020 1044 2092 ὁ
1059 2029 1160 2111 δῆμος
1173 2024 1256 2091 θέα·
1279 2052 1302 2093 15

301 2155 362 2215 μα,
377 2122 436 2195 τὸν
450 2122 570 2214 εὐγενῆ
588 2121 757 2224 Ῥωμαίων
769 2128 918 2213 βασιλέα,
933 2124 1015 2215 μετά
1028 2132 1171 2196 τοσαῦτα
1180 2125 1257 2215 τρό-

301 2255 384 2299 παια
407 2228 530 2319 πατρός
552 2256 588 2298 τε
611 2231 667 2297 καὶ
690 2228 884 2318 προγόνων,
905 2227 967 2299 οὐκ
990 2232 1044 2300 ἐπὶ
1068 2227 1259 2319 βαρβάρους

300 2329 388 2402 ὅπλα
401 2333 614 2421 λαμβάνοντα
627 2328 881 2423 στρατιωτικάἢ
897 2328 1065 2422 Ῥωμαίων
1079 2329 1162 2423 ἀρχῇ
1177 2334 1257 2422 πρέ-

301 2462 424 2521 ποντα,
439 2443 686 2525 καθυβρίζοντα
701 2436 739 2505 δὲ
752 2434 790 2504 τὸ
810 2433 937 2525 ἀξίωμα
958 2443 1114 2530 αίσχίστφ
1128 2437 1184 2504 καὶ
1198 2464 1256 2523 με-

269 2542 471 2634 8μιασμένφ
493 2539 642 2629 σχήματι.
694 2534 713 2608 ὃ
739 2539 801 2626 μὲν
827 2531 890 2608 οὖν
910 2545 1108 2629 μονομαχῶν
1132 2543 1257 2630 ῥᾳδίως
1275 2570 1300 2609 τι

299 2650 368 2714 τῶν
381 2640 639 2730 ἀνταγωνιστῶν
652 2645 875 2735 περιεγένετο,
884 2644 939 2712 καί
950 2646 1043 2733 μέχρι
1058 2641 1258 2732 τραυμάτων

300 2746 500 2837 προεχάρει,
513 2744 725 2817 ὑπεικόντων
738 2742 898 2817 ἀπάντων
911 2745 1040 2816 καὶτὸν
1052 2748 1202 2835 βασιλέα,
1217 2742 1258 2815 ού

297 2847 357 2921 τὸν
371 2850 559 2939 μονομάχον
573 2849 792 2920 έννοούντων.
826 2853 859 2931 ές
871 2856 1031 2920 τοσοῦτον
1051 2849 1089 2919 δὲ
1108 2849 1256 2939 προεχύ-

299 2973 379 3043 ρησε
393 2959 513 3041 μανίας
527 2947 571 3032 ὡς
583 2956 699 3041 μηκέτι
712 2952 898 3040 βούλεσθαι
912 2952 996 3041 μηδὲ
1009 2951 1071 3043 τὴν
1086 2961 1258 3042 βασίλειον

298 3062 405 3126 οίκείν
418 3058 547 3125 ἑστίαν·
563 3052 646 3125 ἀλλά
659 3052 723 3144 γάρ
737 3061 991 3145 μετοικισθῆναι
1001 3055 1156 3145 ἐβούλετο
1171 3061 1203 3137 ές
1217 3055 1254 3126 τό
1272 3085 1297 3125 τε

298 3165 367 3229 τόν
380 3158 577 3249 μονομάχων
593 3157 812 3246 καταγώγιον.
841 3157 961 3229 ἑαυτὸν
976 3161 1012 3229 δὲ
1026 3158 1138 3231 ούκέτι
1153 3157 1254 3248 Ἡρα-

298 3266 394 3350 κλέα,
409 3258 494 3332 ἀλλά
513 3267 582 3332 τάν
602 3260 882 3351 μονομαχούντων
903 3264 1041 3347 ἐνδόξου
1061 3261 1152 3344 τινός
1172 3291 1254 3353 προ-

268 3364 569 3454 9τετελεντιχκότος
595 3363 732 3454 ὀνόματι
753 3375 933 3437 καλεῖσθαι
954 3371 1141 3459 προσέταξε.
1195 3374 1255 3436 τοῦ

297 3470 336 3541 δέ
356 3476 513 3559 μεγίστου
540 3466 726 3559 ἀγάλματος
752 3478 980 3559 κολοσσιαίου,
1008 3468 1090 3560 ὅπερ
1116 3473 1253 3560 σέβουσι

291 3570 442 3664 Ῥωμαῖοι
457 3571 570 3643 είκόνα
584 3576 690 3664 φέρον
702 3570 818 3663 ἡλίου,
832 3572 894 3664 τὴν
906 3573 1058 3664 κεφαλὴν
1077 3571 1254 3664 ἀποτεμάν
1270 3604 1296 3644 ιο

296 3677 455 3770 ίδρύσατο
469 3678 607 3766 ἑαυτοῦ,
621 3672 819 3768 ὑπογράψας
837 3684 880 3769 τῇ
890 3679 986 3768 βάσει
1006 3675 1090 3767 [οὐχ]
1114 3676 1153 3761 ἀς
1175 3680 1250 3751 είά-
