3134 4367
710 428 886 489 ΟΓΔΟΟΝ
1206 424 1268 487 203

307 610 501 687 συγκροτεῖ.
526 598 584 667 καλ
599 594 638 667 τό
651 597 714 686 μὲν
726 593 808 668 ἀλλο
822 579 1059 687 στρατιωτικόν
1072 596 1267 688 ἀπέπεμψεν

308 709 345 781 ἐς
365 727 403 770 τε
422 698 463 770 τά
484 706 570 789 ἔθνη
590 702 648 771 καλ
669 698 709 770 τά
730 707 837 771 οίκεία
857 700 1080 791 στρατόπεδα,
1102 695 1203 785 αὐτός
1228 703 1267 773 δὲ

308 807 504 892 ἐπανῆλθεν
516 807 550 884 ἐς
563 801 624 892 τῆν
638 800 766 892 Ῥώμην
779 802 846 874 σόν
858 832 895 875 τε
906 820 976 887 τοῖς
990 804 1212 897 δορυφόροις,
1234 813 1269 876 οἳ

307 904 371 995 τῆν
391 913 564 995 βασίλειον
581 914 795 997 φρουροῦσιν
815 903 940 997 αὐλῆν,
960 907 1026 979 σύν
1044 935 1081 976 πε
1103 923 1172 988 τοῖς
1198 905 1265 979 ὐπὸ

279 1032 293 1070 ⁶
306 1016 465 1103 Βαλβίνῳ
478 1012 761 1099 στρατευομένοις.
814 1012 1007 1100 ἐπανῆλθον
1021 1010 1059 1081 δλ
1078 1011 1135 1080 καλ
1151 1015 1186 1080 οί
1199 1008 1263 1082 ἀπὸ
1278 1018 1297 1071 8

305 1118 496 1203 Γερμανίας
510 1112 713 1202 ἐληλυθότες
726 1112 908 1204 σόμμαχοι·
924 1113 1063 1203 έθάρσει
1072 1112 1136 1202 γὰρ
1154 1109 1268 1184 αὐτόν

306 1223 348 1306 τῆ
363 1213 481 1307 εὐνοία
493 1212 552 1286 ἀπε
567 1218 625 1286 καλ
636 1222 698 1287 τοῦ
715 1223 840 1298 ἔθνους
859 1220 1012 1298 ἐπιεικῶς
1027 1216 1191 1307 πρότερον
1204 1212 1268 1305 ἀρ-

304 1324 382 1406 ξας,
396 1315 452 1389 ὅτε
467 1318 651 1389 ίδιοότενεν.
679 1319 818 1390 εἰσιόντι
831 1319 869 1390 δέ
882 1317 973 1415 αὐτῷ
991 1322 1024 1402 ἐς
1036 1317 1098 1409 τῆν
1108 1315 1269 1409 Ῥόμηνό

304 1450 344 1493 τε
363 1429 529 1511 Βαλβῖνος
543 1418 727 1511 ὐπῆντετο,
747 1421 953 1512 ἐπαγόμενος
971 1420 1160 1514 Γορδιανόν
1179 1428 1266 1492 Καί-

263 1563 288 1603 1⁰
304 1521 435 1615 σαρα,ῆ
446 1553 482 1595 τε
495 1521 682 1623 σύγκλητος
694 1527 751 1595 καί
765 1522 783 1595 ό
799 1531 903 1616 δῆμος
914 1523 1145 1616 εὐφημοῦντες
1153 1522 1266 1617 όόσπερ

303 1625 803 1719 θριαμβεόονταςύπεδέχοντο.
1060 1721 1063 1726 ¹

408 1722 512 1822 ἦρχον
538 1731 577 1802 δέ
595 1738 656 1802 τοῦ
675 1737 797 1802 λοιποῦ
815 1738 874 1820 τῆς
899 1728 1028 1812 πόλεως
1050 1728 1133 1820 μετὰ
1157 1723 1317 1822 πάσηςθ

303 1831 486 1923 εὐκοσμίας
498 1862 534 1905 τε
549 1836 607 1905 καλ
620 1832 790 1923 εὐταξίας,
806 1841 877 1927 ίδίμ
890 1862 926 1905 τε
944 1835 1001 1904 καλ
1021 1838 1165 1927 δημοσίᾳ
1178 1860 1265 1907 παν-

302 1945 408 2026 ταχοῦ
422 1934 690 2027 εὐφημούμενοι·
710 1940 824 2029 ἐχαιρέ
842 1965 878 2008 τε
896 1934 914 2009 ό
929 1944 1033 2027 δῆμος
1053 1934 1185 2025 αὐτοῖς,
1207 1963 1265 2011 σε·

261 2077 287 2118 ιτ
304 2040 517 2133 μνννόμενος
531 2038 748 2133 εὐπατρίδαις
760 2043 818 2113 καλ
830 2038 934 2125 ἀξίοις
946 2047 1004 2130 τῆς
1017 2048 1188 2130 βασιλείας
1201 2040 1265 2114 αὐ-

301 2143 532 2236 τοκράτορσιν.
567 2150 602 2215 οί
626 2147 741 2234 μέντοι
767 2152 965 2236 στρατιῶται
991 2150 1180 2215 διοίδαινον
1207 2137 1300 2228 τόσς’
1352 2170 1359 2183 ·

301 2246 423 2336 ψυχάς,
437 2249 495 2317 καί
509 2244 587 2318 οὐτε
596 2263 667 2330 ταῖς
681 2245 863 2337 εὐφημίαις
871 2254 933 2318 τοῦ
948 2246 1057 2337 δῆμου
1070 2244 1264 2337 ἠρέσκοντο,

301 2349 490 2441 ἐβαρούντό
504 2379 540 2421 τε
555 2347 669 2422 αὐτῶν
687 2348 796 2441 αὐτῆν
815 2349 877 2440 τῆν
898 2347 1091 2441 εὐγένειαν,
1105 2352 1162 2428 καὶ
1178 2348 1264 2441 ῆγα-

300 2454 452 2524 νάκτουν
463 2450 515 2524 ὅτι
528 2450 593 2544 ἀρα
607 2460 715 2542 ἔχοιεν
734 2458 771 2525 ἐκ
788 2453 978 2543 συγκλήτου
991 2455 1156 2542 βασιλέας.
1183 2453 1263 2524 ἐλύ-
1277 2459 1294 2514 2

258 2576 287 2619 ὓ
303 2583 394 2629 πονν
407 2556 446 2628 δέ
458 2554 583 2639 αὐτοὺς
591 2559 649 2627 καλ
662 2563 697 2627 οί
706 2558 875 2646 Γερμανοὶ
887 2554 1103 2647 παρόντεςτῷ
1117 2558 1264 2649 Μαξίμφ

301 2667 341 2731 ἐν
360 2688 399 2731 τε
420 2666 460 2751 τῆ
478 2657 585 2751 Ῥώμη
600 2665 844 2750 διατρίβοντες·
868 2655 1072 2738 ἀντιπάλους
1093 2656 1157 2749 γὰρ
1176 2660 1264 2743 ἕξειν

299 2760 458 2853 ῆλπιζον,
475 2773 509 2834 εί
523 2792 554 2833 τι
572 2769 739 2857 τολμῷεν,
753 2763 811 2831 καλ
823 2759 1023 2853 ἐφεδρεύειν
1037 2756 1151 2842 αὐτοῖς
1167 2756 1263 2832 ἀπεό-

300 2894 445 2954 πτευον,
469 2877 503 2936 ελ
521 2894 589 2936 τινι
611 2865 701 2960 δόλφ
728 2862 974 2953 ἀποζωσθείεν,
995 2867 1119 2935 ἐκείνοι
1144 2865 1183 2935 δέ
1204 2861 1262 2935 ἀτε

299 2970 464 3059 παρόντες
477 2973 602 3062 ῥᾳδίως
611 2966 892 3040 ὑποκατασταίεν·
907 2966 945 3039 τό
954 2996 990 3039 τε
1003 2966 1161 3058 Σευῆρον
1174 2964 1262 3040 ὐπό-

257 3099 285 3141 νε
302 3078 440 3162 δειγμα,
457 3068 493 3153 ὃς
510 3070 589 3154 τούς
600 3080 793 3164 Περτίνακα
807 3069 1067 3153 ἀποκτείναντας
1081 3068 1259 3161 ἀπέζοοσεν,

302 3176 408 3267 είσῆει
427 3172 561 3257 αὐτούς.
602 3178 862 3265 ἐπιτελουμένου
889 3177 927 3247 δὲ
949 3172 1079 3264 ἀγῶνος
1103 3182 1165 3244 τοῦ
1191 3182 1290 3247 πῶν3

299 3278 682 3368 Καπετωλίυν,πάντοιν
691 3307 726 3349 τε
740 3282 818 3369 περλ
827 3277 890 3370 τῆν
904 3278 1095 3369 πανήγυριν
1108 3279 1165 3348 καλ
1178 3276 1261 3368 τάςχΙ
1271 3290 1308 3367 ἷξῗ,

299 3386 384 3465 θέας
399 3374 668 3471 ἀσχολουμένου,
678 3388 858 3471 αἰφνιδίως
871 3378 915 3471 ἣν
925 3380 1014 3470 εἶχον
1027 3380 1166 3472 γντόμην
1178 3391 1260 3452 λαν

299 3485 479 3556 θάνουσαν
491 3487 673 3574 ἐξέφηναν,
687 3488 744 3557 καλ
763 3493 825 3556 τοῦ
839 3492 954 3574 θυμοῦ
968 3482 1013 3574 μῆ
1026 3484 1260 3574 κρατήσαντες,

258 3618 285 3658 το
301 3585 390 3679 δρμῆ
404 3588 442 3658 δέ
455 3584 567 3682 ἀλόγφ
580 3588 799 3678 χρησόμενοι,
814 3586 968 3677 ἀνῆλθον
987 3584 1209 3678 ὁμοθυμαδὸν
1228 3587 1266 3661 ἐς

299 3689 342 3760 τά
348 3698 520 3779 βασιλεια,
539 3707 610 3775 τοῖς
623 3720 659 3763 τε
673 3692 885 3786 πρεσβύταις
905 3698 1112 3787 βασιλεῦσιν
1129 3686 1295 3761 {aml-

282 3800 360 3858 θον.
400 3796 588 3884 συνέβαινε
610 3797 650 3873 δέ
672 3796 870 3890 κάκείνους
895 3800 949 3896 μὴ
969 3796 1072 3875 πόινυ
1095 3818 1132 3860 τι
1153 3775 1370 3859 mmm&
