3134 4367
672 448 895 509 ΔΕΥΤΕΡΟΝ
1220 446 1260 507 53
1357 495 1359 500 .

303 614 387 705 τορά
400 643 436 685 τε
457 612 573 687 ἀνεῖπε
592 620 650 687 καλ
670 617 833 708 σεβαστόν
854 618 1117 708 προσηγόρευσε·
1145 617 1207 709 τήν
1224 647 1260 690 τε
1362 679 1365 692 .

303 726 477 808 βασίλειον
492 721 672 810 πορφύραν
684 721 940 813 περιβαλόντες,
955 725 1012 792 καλ
1031 721 1070 792 τά
1090 722 1189 794 λοιπά
1202 729 1260 812 τής

303 830 490 911 σεβασμίου
510 831 605 912 τιμής
624 827 656 907 ἐξ
677 821 899 914 αὐτοσχεδίου
912 834 1122 915 παρασκευῆς
1138 824 1259 917 ἆθροί-

302 948 432 1013 σαντες,
448 928 504 994 καὶ
517 929 812 1015 προπομπεύοντος
827 935 888 998 τού
903 930 1022 1019 πυρός,
1038 935 1071 1009 ἐς
1084 956 1119 998 τε
1132 928 1172 998 τά
1188 928 1260 1019 ίερά

276 1061 289 1100 5
303 1036 360 1117 τής
371 1026 572 1116 Ἀντιοχείας
585 1029 644 1099 τὸν
656 1039 790 1120 Νίγρον
804 1030 925 1117 άγουσι
943 1035 999 1102 καλ
1012 1036 1045 1112 ἐς
1064 1030 1126 1119 τήν
1140 1034 1260 1101 ἑαυτοῦ

301 1138 414 1201 οίκίαν
427 1138 644 1221 καθιστᾶσιν,
666 1131 778 1205 ούκέτι
796 1132 902 1224 αύτήν
916 1133 1088 1224 ἰδιωτικήν
1102 1131 1185 1203 άλλά
1198 1143 1261 1222 βα-

300 1242 431 1305 σίλειον
450 1233 559 1324 αύλήν
577 1246 781 1327 νομίζοντες,
797 1246 877 1308 πᾶσι
890 1237 1115 1328 κοσμήσαντες
1132 1240 1260 1320 ἔξωθεν

299 1347 485 1427 βασιλικοῖς
500 1339 688 1428 συμβόλοις.

405 1444 460 1511 ἐπὶ
478 1442 607 1523 τούτοις
625 1442 666 1531 δή
687 1440 705 1513 ὁ
725 1450 855 1531 Νίγρος
874 1442 964 1512 πάνυ
983 1440 1045 1530 τήν
1057 1428 1178 1530 ’ψυχήν
1200 1438 1289 1511 εύ-7

257 1579 282 1619 10
301 1552 481 1633 φραίνετο,
497 1542 704 1635 άχυράσθαί
723 1574 758 1615 τε
777 1542 869 1638 αύτῷ
890 1543 929 1615 τά
951 1553 1007 1632 τῆς
1027 1543 1129 1633 άρχής
1148 1543 1261 1634 ήγελτο

300 1648 358 1716 διά
376 1676 412 1717 τε
425 1646 487 1735 τήν
501 1655 568 1717 τῶν
584 1646 753 1737 Ῥωμαίων
771 1648 909 1737 γνάμην
921 1650 977 1716 καὶ
990 1645 1051 1734 τήν
1066 1651 1143 1735 περὶ
1156 1645 1261 1717 αύτὸν

300 1748 455 1838 σπουδήν
468 1759 536 1821 τεόν
550 1749 752 1842 ἀνθρώπων.
780 1748 826 1833 ὡς
842 1750 906 1841 γάρ
921 1752 1117 1839 διιπταμένη
1133 1748 1153 1839 ή
1168 1750 1260 1840 φήμη

300 1853 410 1922 πάντα
431 1858 580 1941 ἐπῆλθεν
600 1862 685 1945 ἔθνη
706 1852 768 1925 ὅσα
787 1854 850 1945 τήν
867 1851 1099 1941 ἀντικειμένην
1120 1852 1261 1944 ἤπειρον

299 1963 341 2045 τῇ
354 1954 505 2048 Εύροόπη
518 1975 680 2046 κατοικεῖ,
697 1956 811 2040 ούδείς
824 1986 859 2027 τε
873 1948 916 2046 ήν
930 1954 966 2037 ὃς
980 1953 1041 2044 ούχ
1061 1955 1148 2028 έκιόν
1169 1962 1202 2039 ἐς
1222 1954 1258 2025 τὸ

258 2091 283 2132 ιε
299 2055 488 2129 ὑπακούειν
506 2060 597 2155 αὐτῷ
611 2059 780 2151 ἠπείγετο,
797 2069 973 2150 πρεσβεῖαί
990 2087 1025 2129 τε
1045 2056 1104 2128 ἀπ’
1121 2065 1261 2131 ἐκείνων

298 2169 368 2231 τῶν
382 2167 496 2232 ἐθνῶν
517 2168 550 2245 ἐς
563 2164 625 2254 τήν
641 2162 844 2254 Ἀντιόχειαν
858 2161 912 2256 ὡς,
923 2162 1005 2253 πρός
1019 2166 1156 2252 βασιλέα
1178 2160 1259 2252 όμο-

298 2266 508 2354 λογούμενον
522 2272 721 2338 ἐστέλλοντο.
754 2275 837 2338 οἵτε
854 2270 1006 2338 ἐπέκεινα
1030 2273 1186 2357 Τίγριδος
1199 2267 1255 2336 καλ
1272 2278 1289 2332 8

298 2367 486 2465 Εὐφράτου
508 2372 672 2459 σατράπαι
692 2374 748 2441 καλ
768 2381 915 2462 βασιλεῖς
935 2372 1131 2441 ἐπέστελλον
1152 2393 1258 2457 συνη-

299 2472 436 2560 δόμενοι
450 2470 558 2566 αύτῷ,
575 2476 630 2545 καλ
646 2482 678 2543 εί
695 2478 821 2561 δέοιτο,
843 2480 1003 2563 βοηθείας
1020 2469 1254 2560 ὑπισχνοῦντο.

256 2603 284 2644 νο
300 2571 320 2644 δ
335 2576 373 2644 δέ
393 2575 515 2662 δώροις
534 2606 570 2647 τε
590 2574 714 2658 αύτούς
733 2584 993 2666 μεγαλοπρεπῶς
1012 2572 1183 2662 ἠμείβετο,
1202 2574 1259 2641 καλ

298 2680 353 2748 ἐπὶ
371 2686 412 2769 τῇ
432 2685 563 2770 σπουδή
585 2682 641 2750 καὶ
658 2696 729 2761 ταῖς
751 2676 948 2767 ὑποσχέσεσι
967 2676 1065 2765 χάριν
1084 2674 1259 2764 γινώσκων

298 2788 392 2870 ἔλεγε
402 2781 447 2870 μή
463 2788 596 2853 δεῖσθαι
610 2783 808 2871 συμμάχων·
824 2779 886 2870 τήν
899 2778 962 2870 γάρ
978 2776 1083 2870 άρχήν
1093 2776 1184 2875 αύτῷ
1198 2786 1257 2875 βεῇ

296 2892 403 2973 βαίως
417 2882 637 2977 ὠχυρῶσθαι,
652 2883 818 2975 άναιμωτί
827 2913 862 2955 τε
877 2882 998 2976 άρξειν.

400 2989 536 3070 ταύταις
565 2990 780 3079 ἐπαιρόμενος
804 3005 875 3070 ταῖς
903 2991 1038 3059 ἐλπίσιν
1060 2982 1197 3070 ύπτίαζέ
1221 3004 1290 3059 τε9

255 3127 282 3168 23
300 3088 385 3180 πρός
399 3089 462 3181 τήν
474 3100 542 3162 τῶν
553 3093 756 3183 πραγμάτων
764 3095 970 3182 ἐπιμέλειαν,
984 3093 1040 3160 καὶ
1054 3094 1088 3170 ἐς
1100 3087 1137 3159 τό
1155 3086 1258 3178 άβρο-

298 3199 429 3265 δίαιτον
453 3192 626 3285 άνειμέυος
651 3213 719 3278 τοῖς
751 3194 954 3284 Ἀντιοχεῦσι
975 3200 1254 3283 συνευφραίνετο,

296 3299 427 3387 ἑορταῖς
440 3327 476 3367 τε
492 3302 548 3368 καὶ
566 3303 662 3381 θέαις
680 3297 851 3382 ἐπιδιδούς
871 3296 1001 3369 ἑαυτόν.
1030 3304 1087 3385 τῆς
1100 3323 1135 3365 τε
1149 3299 1182 3377 ἐς
1196 3295 1257 3383 τήν

291 3396 423 3489 Ριόμην
437 3398 580 3489 άφόδου,
595 3398 689 3489 ἐφ’“
668 3432 711 3492 ην
723 3404 863 3491 μάλιστα
877 3406 977 3491 ἐχρήν
991 3399 1159 3487 σπεύδειν,
1174 3395 1255 3488 ήμέ-

297 3513 359 3573 λει
412 3522 481 3586 τοῖς
495 3506 533 3575 δε
547 3502 737 3596 Ἰλλυρικοις
751 3505 973 3596 στρατεύμασι
988 3505 1067 3573 δέον
1081 3506 1255 3626 ἐπιφοιτή
1272 3522 1306 3574 10

254 3641 281 3682 το
300 3628 357 3676 σαι
371 3610 435 3696 τήν
449 3617 605 3697 ταχίστην
618 3609 674 3677 καλ
689 3610 818 3738 φθάσαι
837 3606 1095 3696 οἰκειωσάμενον
1111 3601 1211 3688 αύτά,
1235 3596 1255 3669 δ

297 3710 335 3781 δὲ
349 3708 431 3781 οὐδὲ
450 3741 517 3782 των
531 3713 767 3801 πραττομένων
786 3740 817 3781 τι
831 3709 945 3791 αύτοῐς
964 3711 1101 3798 ἐδήλου,
1116 3710 1255 3787 ἐλπίζων

295 3812 375 3897 τοὺς
389 3819 461 3885 ἐκεῖ
477 3812 694 3905 στρατιώτας,
711 3825 746 3887 εί
759 3842 841 3889 ποτε
862 3816 921 3889 καὶ
936 3812 1081 3909 μάθοιεν
1091 3862 1103 3899 ,
1113 3832 1271 3899 οροηνω·
