3134 4367
297 419 336 481 οε
403 509 404 512 ρ
661 421 879 483 ΔατνκΡοα

298 601 422 683 κῇσθοιι
444 600 586 682 νομίζων
599 593 705 663 πάντα
713 600 892 675 λυσιτελῶς
905 599 943 683 τῇ
958 594 1079 663 ἑαυτοῦ
1095 590 1179 683 άρχη
1194 595 1248 663 ἐπὶ

299 698 358 768 τὸν
372 703 503 787 Νίγρου
515 693 678 785 ἠπείγετο.

269 820 286 873 6
339 824 342 831 ·
400 806 457 887 τῆς
471 799 532 888 μὲν
551 790 614 870 οὖν
632 796 824 888 ὁδοιπορίας
837 795 915 879 τούς
928 798 1115 886 σταθμούς,
1136 796 1248 868 καὶτὰ

297 901 379 973 καθ’
395 902 535 992 ἑκάστην
548 903 645 972 πόλιν
660 899 750 994 αὐτῷ
764 904 941 990 λεχθέντα,
962 902 1018 970 καὶ
1032 916 1151 990 σημεῖα
1167 909 1246 992 θεία

297 1013 438 1098 προνοίᾳ
451 1005 590 1089 δόξαντα
603 1004 759 1085 πολλάκις
773 1010 937 1094 φανῆναι,
957 1011 1062 1093 χωρία
1074 1032 1109 1073 τε
1123 1007 1243 1074 ἕκαστα
1256 1027 1269 1068 ο

298 1111 355 1179 καὶ
377 1108 587 1199 παρατάξεις,
607 1110 664 1177 καὶ
685 1106 744 1177 τὸν
758 1114 827 1177 τῶν
848 1110 1056 1197 ἑκατέρωθεν
1076 1107 1248 1177 πεσόντων

299 1209 446 1302 ἀριθμόν
459 1218 669 1299 στρατιωτῶν
682 1214 720 1280 ἐν
732 1226 803 1292 ταῖς
815 1211 942 1299 μάχαις,
958 1216 1102 1300 ίστορίας
1115 1238 1151 1279 τε
1166 1218 1249 1281 πολ-

301 1318 354 1385 λοί
367 1329 570 1403 συγγραφεῖς
582 1316 639 1383 καὶ
651 1315 783 1402 ποιηταὶ
804 1316 933 1404 μέτρων
946 1313 1152 1401 πλατύτερον
1165 1334 1249 1383 συν-

304 1419 437 1505 έταξαν,
452 1413 618 1488 ὑπόθεσιν
631 1417 824 1505 ποιούμενοι
837 1416 943 1504 πάσης
956 1423 1013 1505 τῆς
1025 1424 1249 1506 πραγματείας

272 1538 288 1594 7
304 1519 523 1610 τόνΣεοηρου
537 1528 623 1608 βίον.
643 1520 760 1610 ἐμοὶδὲ
772 1518 894 1601 σκοπὸς
902 1515 1041 1609 ὑπάρχει
1049 1523 1134 1588 ἐτῶν
1148 1521 1246 1610 ἑβδο-
1267 1548 1291 1589 ιο

301 1623 448 1712 μήκουτα
466 1624 598 1715 πράξεις
617 1630 749 1694 πολλῶν
765 1625 929 1711 βασιλέων
949 1623 1147 1705 συντάξαντι
1168 1623 1250 1712 γρά·

301 1743 373 1815 ψαι,
389 1723 428 1809 ἃς
440 1723 539 1809 αὐτὸς
552 1727 637 1797 οἰδα.
656 1724 696 1796 τά
704 1725 950 1815 κορυφαιότατα
965 1734 1082 1795 τοίνυν
1095 1727 1153 1794 καλ
1166 1748 1250 1796 συν-

301 1831 430 1899 πέλειαν
444 1836 560 1916 ἔχοντα
572 1838 640 1900 τῶν
653 1827 737 1899 κατά
749 1832 847 1918 μέρος
860 1832 1101 1918 πεπραγμένων
1109 1828 1251 1921 Σεεήρηι

302 1934 339 2001 έν
359 1946 425 2012 τοῖς
446 1933 518 2020 ἑξῆς
539 1931 754 2021 διηγήσομαι,
775 1928 876 2001 οὐδὲν
897 1927 975 2001 οὔτε
995 1931 1077 2019 πρός
1094 1932 1193 2022 χάριν
1219 1934 1252 2013 ές

301 2030 385 2115 ὕψος
399 2037 554 2125 ἐξαίρων,
578 2032 688 2124 ὥσπερ
708 2038 867 2122 ἐποίησαν
881 2040 915 2104 οί
930 2031 1006 2104 κατ’
1022 2038 1152 2105 ἐκεῖνον
1167 2034 1250 2124 γρά·
1269 2070 1291 2111 ιι

302 2151 440 2224 μαντες,
473 2134 550 2208 ούτε
569 2145 785 2228 παραλείπων
810 2147 844 2206 εί
866 2166 897 2206 τι
916 2137 1019 2226 λόγου
1041 2140 1096 2207 καὶ
1122 2138 1253 2228 μνήμης

305 2236 407 2322 άξιον.

583 2554 972 2648 οιεκιουτοινοιν.
1268 2578 1291 2617 ιι

412 2748 456 2818 Τὸ
470 2751 531 2838 μέν
544 2749 586 2840 δὴ
599 2760 804 2841 Περτίνακος
822 2756 914 2835 τέλος
927 2754 983 2823 καὶ
995 2750 1177 2824 Ἰουλιανοῦ
1192 2783 1254 2825 κα-

307 2862 474 2941 θαίρεσις,
495 2850 517 2941 η’
535 2882 572 2923 τε
587 2856 742 2946 Σεεήρου
763 2860 796 2936 ἐς
815 2852 1012 2945 τηνῬάμην
1033 2854 1161 2945 άφιξις,
1183 2854 1254 2946 ἥτε

307 2955 361 3024 ἐπὶ
378 2961 510 3044 Νίγρου
531 2958 656 3043 ἔξοδος,
676 2962 713 3027 ἐν
731 2965 777 3049 τῷ
799 2958 863 3048 πρὸ
882 2959 1003 3028 τούτου
1023 2962 1254 3050 συγγράμματι

307 3057 503 3145 δεδήλωται·
524 3053 542 3127 ό
563 3059 600 3128 δέ
611 3067 756 3149 Νίγρος,
779 3062 851 3130 ἐπεὶ
863 3058 985 3151 ἠγγέλη
999 3059 1089 3156 αύτῷ
1101 3068 1208 3153 μηδέν
1221 3093 1250 3134 τι
1267 3083 1289 3126 2⁶

308 3166 458 3229 τοιοῦτον
478 3165 731 3255 προσδεχομένῳ
751 3162 958 3253 κατειληφός
977 3166 1038 3253 μὲν
1056 3163 1253 3257 τὴνῬοόμην

309 3258 504 3351 ὁΣεεῆρος,
528 3260 593 3334 ὑπό
615 3293 651 3335 τε
670 3272 727 3353 τῆς
740 3268 929 3356 συγκλήτου
942 3265 1155 3360 αὐτοκράτωρ
1171 3268 1253 3341 άνα-

310 3370 471 3454 δειχθείς,
500 3363 592 3455 άγων
611 3371 649 3439 δὲ
670 3368 777 3438 πάντα
796 3368 849 3439 ἐπ’
871 3367 975 3441 αὐτὸν
997 3372 1055 3441 τόν
1071 3370 1253 3463 Ἰλλυρικὸν

310 3466 451 3557 στρατόν
471 3471 571 3558 πεζήν
592 3474 702 3541 τεκαὶ
727 3471 889 3562 ναυτικὴν
911 3476 1056 3564 δύναμιν
1076 3473 1195 3565 άλλην,
1217 3480 1253 3546 ἐν

309 3578 445 3662 μεγίστη
458 3581 581 3665 ταραχῇ
595 3565 654 3663 ἦν,
668 3577 828 3665 διέπεμπέ
839 3605 874 3646 τε
886 3578 968 3648 κατά
982 3586 1065 3667 ἔθνη
1079 3577 1162 3669 πρὸς
1175 3576 1252 3659 τοὺς
1268 3604 1291 3646 ω

309 3672 533 3764 ἡγουμένους,
552 3678 609 3759 τάς
621 3705 655 3749 τε
675 3679 826 3761 εἰσόδους
840 3682 945 3763 πάσας
963 3684 1018 3750 καλ
1039 3684 1173 3770 λιμένας
1186 3711 1254 3772 φυ·

277 3778 488 3850 ἳλάττεσθαι
501 3781 657 3853 κελεύων.
692 3789 816 3873 ἔπεμπε
828 3785 866 3854 δὲ
879 3786 935 3870 καὶ
947 3781 1030 3873 πρὸς
1042 3784 1102 3855 τόν
1119 3788 1254 3875 βασιλέα
