3134 4367
692 404 868 465 ΠΡΩΤΟΝ
1215 406 1252 468 31

293 590 378 649 θασι
399 574 574 667 βασιλικάς
592 578 649 646 καὶ
669 576 844 672 πατρφόυς
864 587 1085 668 προσηγορίας
1092 578 1197 667 ,άντὶ
1218 582 1256 651 δὲ

294 686 513 773 Γερμανικοῦ
520 677 751 771 ’μονομάχους
763 687 892 769 χιλίους
905 680 1129 771 νικῆσαντος.”

400 791 470 855 ἔδει
485 785 522 855 δὲ
536 782 601 875 ἄρα
615 785 694 854 ποτδ
708 782 867 854 κάκεῖνον
880 784 1074 855 παύσασθαι
1088 787 1255 878 μεμηνότα
1267 792 1305 853 16

294 890 351 958 καὶ
370 886 434 977 τῆν
453 885 622 977 Ῥωμαίων
643 886 749 978 άρχῆν
767 891 1053 979 τυραννουμένην.
1093 894 1173 960 νέου
1193 891 1256 981 μὲν

264 990 358 1082 ςηάρ
382 998 479 1073 ἔτους
497 997 555 1081 τῆς
577 992 733 1081 ἐπιούσης
755 998 894 1080 ἔμελλεν
912 988 1037 1083 ῆμίρας
1049 1031 1100 1045 -
1119 997 1256 1082 σέβουσι

295 1097 334 1167 δὲ
346 1094 411 1185 τῆν
426 1094 546 1186 ἑορτῆν
559 1090 711 1184 Ῥωμαῖοι
725 1099 759 1177 ἐς
771 1093 857 1165 θεὸν
870 1092 1088 1185 ἀρχαιότατον
1101 1103 1158 1185 τῆς
1174 1096 1254 1167 Ἰτα-

292 1207 367 1279 λίας
395 1200 575 1290 ἐπιχώριον
601 1197 843 1289 ἀναφέροντες·
871 1202 954 1286 φασὶ
980 1198 1043 1290 γάρ
1071 1197 1176 1270 αὐτοῦ
1200 1203 1257 1270 καὶ

293 1303 441 1392 Κρόνον,
455 1300 522 1373 ὑπό
535 1301 619 1383 Διὸς
632 1305 840 1393 ἐκβληθέντα
853 1308 910 1391 τῆς
923 1300 1034 1393 ἀρχῆς,
1049 1304 1258 1374 κατελθόντα

294 1410 328 1487 ἐς
348 1412 415 1495 γῆν
437 1410 597 1494 γενέσθαι
621 1409 733 1494 ξένον,
757 1405 893 1476 δεδιότα
913 1407 951 1476 δὲ
972 1405 1035 1499 τῆν
1056 1414 1117 1477 τού
1137 1406 1257 1487 παιδός

253 1539 279 1581 ιο
295 1516 501 1580 δυναστείαν
527 1507 607 1602 παρ’
636 1508 729 1604 αύτῷ
753 1508 987 1599 κρυπτόμενον
1008 1520 1144 1581 λαθεῖν·
1172 1509 1264 1581 ὅθεν

293 1616 351 1683 καὶ
365 1612 404 1682 τό
423 1611 529 1703 όνομα
549 1619 694 1702 δοθῆναι
712 1619 759 1706 τῷ
779 1612 878 1705 χοίρῳ
897 1619 957 1709 τῆς
973 1610 1110 1694 Ἰταλίας
1130 1615 1257 1686 Λάτιόν

293 1744 330 1785 τε
344 1723 532 1806 κληθῆναι,
546 1714 611 1787 άπὸ
630 1723 688 1806 τῆς
702 1713 859 1797 Ἑλλάδος
872 1722 988 1805 φωνῆς
1001 1719 1034 1797 ἐς
1052 1716 1116 1807 τῆν
1135 1718 1254 1806 ἐπιχά-

294 1848 370 1909 ριον
385 1824 570 1911 παραχθίν.
624 1818 681 1890 διά
701 1820 807 1890 ταῦτά
826 1847 877 1887 τοι
896 1822 953 1888 καὶ
975 1823 1069 1910 μέχρι
1090 1827 1155 1891 νύν
1173 1819 1287 1892 ’Ita-2

294 1930 413 1994 λιῶται
426 1922 467 1993 τά
480 1924 543 2012 μὲν
556 1924 674 2015 κρόνια
688 1922 944 2016 προεορτάζουσι
958 1929 1030 2017 θεῷ
1043 1930 1090 2018 τῷ
1104 1926 1256 2012 λαθόντι,

255 2060 278 2101 ιε
293 2026 357 2116 τῆν
377 2028 416 2097 δὲ
436 2033 497 2097 τού
518 2034 613 2109 ἔτους
637 2024 743 2117 άρχῆν
763 2033 959 2119 ἱερομηνίαν
981 2025 1101 2115 άγουσι
1126 2035 1173 2123 τῷ
1199 2036 1257 2118 τῆς

289 2128 429 2210 Ἰταλίας
442 2136 524 2223 θεῷ.
554 2130 768 2220 διπρόσωπον
783 2133 820 2201 δὲ
835 2128 939 2202 αὐτοῦ
954 2129 991 2201 τό
1011 2128 1143 2221 άγαλμα
1157 2138 1254 2223 ἵδρυ-

294 2262 365 2321 ται,
381 2232 497 2323 ἐπειδῆ
512 2232 663 2314 ἐςάύτόν
676 2230 694 2303 5
708 2233 860 2315 ἐνιαυτός
874 2231 1012 2322 άρχεταί
1029 2262 1065 2303 τε
1079 2237 1135 2304 καὶ
1149 2236 1253 2307 παύε-

293 2364 359 2407 ται.
387 2338 509 2427 ταύτης
523 2336 565 2427 δῆ
578 2344 636 2428 τῆς
650 2340 764 2427 ἑορτῆς
777 2338 999 2429 προσιούσης,
1014 2341 1051 2408 ἐν
1070 2328 1093 2429 ᾗ
1114 2340 1256 2428 μάλιστα

290 2435 444 2530 Ῥωμαῖοι
459 2444 649 2524 δεξιούυταί
659 2469 695 2511 τε
708 2439 873 2531 ἀλλήλους
887 2444 942 2511 καί
956 2444 1255 2531 προσαγορεύουσι,

254 2579 281 2619 2⁰
296 2545 513 2634 νομισμάτων
525 2573 562 2615 τε
575 2543 763 2616 ἀντιδόσεσι
778 2548 835 2615 καὶ
854 2554 1015 2637 κοινωνίη
1035 2550 1103 2614 τόν
1120 2551 1181 2633 γῆς
1200 2549 1256 2614 καὶ

293 2648 461 2736 θαλάττης
474 2655 588 2718 καλῶν
602 2646 846 2738 εὐφραίνουσιν
859 2644 991 2732 αύτούς,
1005 2642 1106 2734 άρχαί
1115 2674 1151 2716 τε
1166 2648 1250 2717 ἐπιό-
1269 2671 1287 2725 3

294 2779 395 2840 νυμοι
409 2752 483 2822 τότε
497 2758 631 2844 πρώτον
643 2749 706 2841 τῆν
719 2754 857 2834 ἔνδοξον
870 2752 927 2819 καὶ
941 2748 1112 2819 ἐνιαύσιον
1122 2751 1255 2840 πορφύε

295 2883 359 2945 ραν
374 2863 621 2946 περιτίθενται,
643 2855 780 2925 πάντων
800 2853 1023 2945 ἑορταζόντων
1043 2848 1061 2922 5
1080 2853 1257 2943 Κόμμοδος

295 2960 452 3048 ἐβούλετο
466 2956 528 3029 ούκ
548 2963 585 3029 ἐκ
603 2964 662 3049 τῆς
680 2965 868 3048 βασιλείου,
891 2954 936 3038 ὡς
956 2964 1051 3044 ἔθος,
1075 2969 1258 3048 προελθεῖν

256 3088 280 3129 2⁵
297 3069 404 3143 οίκίας
418 3060 491 3133 ἀλλ’
508 3067 545 3133 ἐκ
559 3069 701 3133 τούτων
719 3062 919 3153 μονομάχων
938 3070 1165 3150 καταγωγίου,
1180 3061 1256 3134 άντὶ

296 3166 333 3235 δὲ
328 3172 406 3292 τῆς
426 3164 627 3257 εὐπαρύφου
648 3166 704 3236 καὶ
724 3173 899 3256 βασιλικῆς
919 3165 1094 3255 πορφύρας
1114 3162 1201 3236 ὅπλα
1220 3196 1256 3240 τε

295 3266 396 3350 αύτδς
417 3273 532 3395 φέρων
551 3274 608 3341 καὶ
628 3270 885 3396 συμπροῖόντων
903 3298 973 3339 των
997 3274 1126 3338 λοιπων
1152 3299 1253 3396 μρνο-

295 3373 413 3463 μάχων
427 3371 578 3465 ὀφθῆναι
591 3389 660 3454 τοῖς
674 3369 852 3499 Ρωμαίρις.
905 3374 978 3442 ἐπεὶ
993 3370 1079 3442 δὲ
1043 3400 1105 3461 την
1118 3373 1256 3505 ηνύμην
1270 3395 1288 3445 4

295 3472 403 3547 αύτοῦ
415 3478 542 3567 ταύτην
555 3475 718 3603 άνῆνεηκε
739 3475 822 3606 πρός
837 3475 1059 3567 Μαρκίαν,
1037 3471 1081 3565 ῆν
1101 3476 1168 3565 εἶχε
1188 3507 1257 3547 των

257 3605 280 3648 ιι
297 3587 517 3652 παλλακίδων
528 3579 745 3670 τιμιωτάτην,
765 3578 787 3672 ῆ
782 3576 910 3651 οὐδέν
929 3610 961 3649 τι
980 3577 1095 3666 άπεῖχε
1114 3586 1258 3670 γαμετῆς

295 3683 474 3772 γυναικός,
494 3683 579 3757 άλλά
605 3684 713 3755 πάντα
737 3680 889 3775 ὑπῆρχεν
907 3680 969 3754 ὅσα
988 3688 1147 3771 σεβαστη,
1169 3680 1257 3770 πλῆν

295 3794 356 3858 τοῦ
370 3788 493 3879 πυρός·
508 3785 701 3879 ῆμαθούσα
710 3785 771 3880 τῆν
779 3788 975 3886 παράλογον
990 3784 1081 3861 ούτω
1093 3786 1155 3895 καὶ
1166 3780 1275 3873 'mz-
