3134 4367
318 422 358 485 62
691 424 915 485 AEYTEPON

315 593 502 666 Ἰουλιανοῦ
515 601 673 666 συνίασιν
687 598 720 677 ές
734 594 770 667 τό
781 597 972 686 συνέδριον,
986 599 1055 665 τών
1070 589 1209 664 ὑπάτων
1222 622 1280 665 κε-

319 699 530 786 λευσάντων,
552 706 587 769 οἳ
597 696 637 767 τά
657 706 714 787 της
726 697 848 788 Ῥώμης
862 705 1003 769 διοικεῖν
1018 696 1181 768 εἰώθασιν
1196 694 1281 787 δπη-

287 816 304 867 5
320 809 397 873 νίκα
417 797 459 871 άν
478 800 518 871 τά
537 809 594 889 τῆς
612 810 781 890 βασιλειάς
801 806 949 892 μετέωρα
971 793 1002 893 ᾗ.
1054 801 1280 883 συνελθόντες

319 912 437 975 τοίνυν
451 906 529 991 περὶ
549 912 617 974 τών
637 909 811 994 πρακτέων
831 909 1042 993 ἐσκέπτοντο,
1062 912 1122 974 τοῦ
1139 902 1279 974 Ἰουλια-

318 1015 382 1078 νοῦ
397 1015 444 1077 έτι
459 1005 555 1088 όντος
569 1011 605 1077 ἐν
620 1015 659 1099 τῇ
673 1018 830 1102 βασιλείῳ
852 1007 938 1099 αὐλῇ
959 1011 1015 1078 καὶ
1035 1006 1092 1088 τὰς
1106 1008 1278 1098 παρούσας
1294 1037 1306 1077 ε

317 1108 530 1201 ὀδυρομένου
552 1111 671 1199 τύχας,
694 1112 901 1196 λκετεύοντός
921 1140 957 1181 τε
977 1110 1199 1199 ἐξομόσασθαι
1219 1109 1279 1198 την

318 1212 424 1304 άρχην
448 1215 504 1283 καὶ
529 1223 766 1305 παραχωρῆσαι
792 1215 898 1303 πάσης
924 1222 980 1305 τῆς
1008 1221 1206 1296 δυναστείας
1233 1220 1279 1305 τῷ

287 1317 470 1411 6Σεεηρφ.
523 1312 568 1397 ώς
587 1318 624 1386 δὲ
641 1316 800 1408 έμοιθενη
815 1319 997 1407 σύγκλητος
1018 1315 1078 1386 τόν
1096 1313 1280 1387 Ἰουλιανόν

319 1418 406 1491 οὕτω
427 1420 666 1511 κατεπτηχότα,
686 1420 749 1511 τὴν
772 1424 809 1492 δέ
830 1422 1023 1512 δορυφόρον
1046 1419 1203 1510 φρουράν
1224 1417 1280 1489 διὰ

319 1525 394 1604 δέος
407 1530 468 1593 τοῦ
483 1523 639 1613 Σεεηρου
653 1523 756 1595 αύτὸν
776 1530 1079 1614 ἐγκαταλιποῦσαν,
1099 1531 1277 1613 ψηφίζεται
1296 1547 1315 1588 ιο

320 1625 379 1696 τόν
392 1628 455 1715 μὲν
468 1623 708 1717 άναιρεθῆναι,
730 1625 973 1716 ἀποδειχθῆναι
994 1627 1032 1696 δέ
1051 1626 1156 1715 μόνον
1177 1623 1280 1700 αύτο-

256 1733 263 1744 ’
319 1729 466 1820 κράτορα
482 1729 542 1800 τὸν
557 1739 727 1822 Σευῆρον·
745 1739 929 1823 πρεσβείαν
942 1758 977 1801 τε
997 1728 1080 1819 πρὸς
1100 1726 1206 1799 αὐτὸν
1223 1733 1279 1799 ε’κ-

320 1836 509 1921 πέμπουσιν
524 1830 590 1904 άπό
602 1842 670 1904 τών
686 1840 723 1906 ἐν
744 1831 859 1924 άρχαῖς
880 1832 988 1904 όντων
1006 1836 1062 1902 καί
1075 1839 1142 1902 τών
1159 1836 1279 1921 ἐξοχω-

319 1934 428 2004 τάτων
447 1943 504 2023 τῆς
518 1943 658 2026 βουλῆς,
679 1938 786 2019 πάσας
806 1935 897 2029 αύτῷ
920 1938 1124 2027 προσφέρειν
1143 1935 1202 2017 τάς
1222 1958 1279 2005 σε-

288 2047 304 2101 7
320 2044 483 2127 βασμίους
503 2038 608 2127 τιμάς.
662 2043 716 2110 ἐπὶ
738 2042 775 2110 δὲ
795 2040 854 2110 τόν
871 2037 1054 2109 Ἰουλιανόν
1076 2034 1123 2119 εἷς
1142 2046 1211 2109 τών
1225 2068 1279 2127 χι-
1295 2066 1314 2106 ιε

319 2142 547 2230 λιαρχούντων
569 2138 812 2232 άναπέμπεται,
828 2141 1021 2213 άποκτεῖναι
1037 2139 1207 2232 άνανδρον
1221 2144 1278 2212 καί

319 2241 441 2314 ἄθλιον
455 2245 657 2335 πρεσβύτην,
667 2253 765 2329 ἰδίοις
778 2247 942 2337 χρήμασιν
957 2244 1174 2334 ὠνησάμενον
1188 2242 1277 2315 οὕτω

319 2343 469 2436 πονηρόν
484 2351 585 2430 τέλος.

422 2444 511 2540 δμέν
522 2441 585 2522 ούν
595 2447 748 2542 εὑρεθεὶς
756 2450 875 2540 ἔρημός
884 2481 919 2521 τε
929 2454 984 2521 καί
993 2448 1060 2523 ύπδ
1070 2448 1207 2520 πάντων
1216 2480 1278 2520 κα-

266 2550 562 2644 εἶῖέιῗιῖταλειφθείς,
581 2563 723 2646 αἰσχρῶς
736 2552 986 2645 ὀλοφυρόμενος
1000 2554 1189 2644 ε’φονεύθη·
1205 2558 1277 2624 ἐπεὶ
1293 2573 1315 2615 w

270 2649 307 2710 13
319 2660 356 2728 δέ
374 2657 414 2727 τά
432 2663 523 2749 παρά
536 2667 594 2748 τῆς
611 2660 800 2749 συγκλήτου
820 2660 974 2749 ἐδηλώθη
990 2666 1035 2753 τῷ
1049 2658 1192 2750 Σεσηρςο
1206 2655 1228 2747 ἦ
1243 2686 1278 2728 τε

318 2769 378 2831 τοῦ
389 2758 573 2832 Ἰουλιανοῦ
587 2760 766 2851 άναίρεσις,
777 2760 867 2853 ἤρθη
882 2766 937 2833 καὶ
952 2766 984 2842 ές
998 2762 1160 2851 μειζόνων
1168 2787 1278 2850 πραχ-

316 2863 430 2952 μάτωυ
444 2868 577 2952 ἐλπίδα,
592 2868 649 2935 καί
662 2874 840 2955 σοφίσματι
855 2866 1028 2954 ἐχρήσατο,
1045 2861 1088 2946 ώς
1101 2860 1143 2933 άν
1156 2864 1277 2954 χειρώ-

317 2987 409 3035 σαιτο
423 2968 479 3035 καί
493 2968 718 3055 αἰχμαλώτους
731 2970 808 3048 τοὺς
825 2966 884 3037 τὸν
898 2976 1088 3057 Περτίνακα
1108 2965 1277 3058 άνηρηκό-

318 3097 376 3149 τας
390 3068 497 3158 λάβοι.
529 3074 711 3140 ἐπιστέλλει
730 3072 793 3159 μὲν
813 3062 876 3140 ούν
895 3074 951 3140 καί
971 3077 1042 3163 ἰδίᾳ
1060 3072 1275 3141 λανθάνοντα
1290 3096 1313 3140 ιο

318 3172 491 3261 γράμματα
511 3188 579 3255 τοῖς
599 3201 634 3244 τε
655 3173 834 3261 χιλιάρχοις
855 3176 912 3243 καὶ
936 3190 1003 3257 τοῖς
1024 3174 1276 3265 ἑκατοντάρχοις

318 3271 583 3364 ὑπισχνούμενος
607 3274 750 3366 μεγάλα,
777 3273 868 3357 όιτως
896 3285 1048 3348 πείσειαν
1073 3276 1151 3358 τούς
1175 3280 1212 3347 ἐν
1236 3284 1276 3367 τῇ

313 3373 419 3468 Ῥώμη
432 3380 632 3468 στρατιώτας
651 3377 838 3450 ὑπακούειν
859 3377 1026 3463 εύπειθώς
1044 3397 1112 3461 τοῖς
1127 3377 1194 3450 ὑπὸ
1215 3386 1275 3449 τοῦ

286 3481 474 3570 ῖΣεεηρου
494 3486 739 3573 κελευομένοις·
763 3486 921 3573 ἐκπέμπει
942 3486 979 3555 δὲ
999 3487 1054 3554 καί
1068 3481 1189 3571 κοινὴν
1202 3486 1275 3553 ἐπι-

317 3584 439 3675 στολὴν
462 3586 545 3677 πρός
570 3585 606 3657 τό
634 3588 877 3679 στρατόπεδον,
905 3588 1053 3658 κελεύων
1079 3596 1274 3656 καταλιπεῖν
1289 3608 1312 3651 ιο

316 3690 378 3779 μὲν
391 3692 428 3759 ἐν
441 3697 486 3784 τῷ
500 3695 711 3784 στρατοπέδῳ
725 3690 849 3780 πάντα,
865 3688 988 3773 αύτούς
1002 3692 1039 3761 δέ
1053 3695 1204 3774 ἐξελθεῖν
1225 3695 1273 3759 εἰ-

299 3800 440 3889 ρηνικῴ
448 3793 608 3887 σχήματι,
625 3791 737 3888 ώσπερ
753 3796 893 3869 εἰώθασι
907 3793 1050 3877 θύοντος
1065 3790 1086 3885 ἢ
1101 3792 1215 3885 ἕορτάζ
1256 3834 1271 3845 -
