3134 4367
592 469 603 486 ,
649 405 862 466 τοιουτου
1173 402 1231 468 ιεε

274 588 346 660 χαῖς
360 571 556 662 γενόμενος,
570 581 628 663 τής
641 603 676 645 τε
693 570 863 665 Ῥωμαίων
876 574 1002 657 πόλεως
1016 582 1156 667 ἔπαρχος
1169 606 1231 649 κα-

274 674 395 757 ταστάς
409 673 662 767 άνεπιστρόφως
674 706 710 748 τε
724 675 835 770 άρξας,
849 681 906 749 καὶ
916 682 953 749 ἐν
965 676 1130 769 ὑπολήψει
1140 681 1231 775 παρά

274 795 345 859 τοῖς
358 776 469 867 ὄχλοις
483 788 619 869 φρενῶν
632 809 668 851 τε
681 783 737 852 καὶ
751 778 921 871 ἀγχινοίας
933 783 990 852 καλ
1003 789 1081 870 βίου
1094 784 1230 875 σάφρο-
1295 812 1297 816 ’

273 910 343 969 νος,
355 879 374 952 ὁ
388 882 426 952 δὲ
438 891 603 972 Βαλβῖνος
617 884 795 972 γενόμενος
803 884 865 974 βέν
879 882 1089 977 εὐπατρίδης,
1103 890 1136 967 ἐς
1150 892 1230 959 δευ-

247 1019 259 1058 ε
276 988 378 1073 πέραν
404 986 442 1055 δὲ
462 982 625 1070 ὑπατείαν
642 985 810 1077 ἐληλακως
836 991 949 1059 ἐθνῶν
968 1015 1004 1057 τε
1025 983 1230 1077 ἡγησάμενος

274 1084 468 1177 άμέμπτως,
483 1087 520 1159 τὸ
533 1087 568 1159 δ’
584 1081 668 1178 ἦθος
688 1087 922 1181 ἁπλούστερος.
973 1096 1030 1179 τής
1044 1081 1107 1161 ούν
1119 1119 1229 1182 χειρο-
1246 1112 1262 1163 5

273 1199 387 1273 τουίας
401 1195 550 1273 ἐκείνους
563 1189 765 1282 άυειπούσης
778 1201 935 1283 σεβαστοί
946 1222 982 1264 τε
995 1190 1230 1284 ἀνηγορεύθη

273 1319 355 1381 σαν,
371 1297 428 1364 καὶ
446 1292 564 1376 πάσαις
578 1312 648 1377 ταῖς
668 1303 854 1385 βασιλικαῖς
875 1313 983 1387 τιμαῖς
1004 1294 1025 1386 ή
1047 1297 1230 1386 σύγκλητος

274 1395 331 1467 διά
346 1398 509 1487 δόγματος
523 1396 648 1481 αύτούς
661 1399 853 1490 ἐκόσμησεν.

246 1529 259 1569 ο
376 1498 451 1571 δδδ
467 1507 571 1590 δῆμος
591 1503 720 1572 τούτων
740 1506 777 1572 ἐν
797 1511 844 1597 τῷ
863 1510 1067 1597 Καπετωλίῳ
1086 1529 1229 1592 πραττο-

272 1607 404 1692 μένων,
427 1615 492 1674 είτε
513 1602 752 1694 ύποβαλόντων
778 1613 881 1676 τινάν
906 1611 1095 1697 Γορδιαυού
1117 1613 1228 1694 φίλων

272 1709 330 1778 καὶ
344 1714 480 1777 οἰκείων
496 1718 561 1777 εἴτε
581 1709 718 1796 γνόντες
735 1705 801 1779 δπδ
821 1710 947 1799 φήμης,
966 1708 1228 1797 παρειστήκεσαν

272 1826 345 1891 ταῖς
358 1810 496 1898 πύλαις,
511 1810 696 1899 φράξαντες
708 1818 819 1881 πᾶσαν
832 1811 894 1903 τήν
908 1817 941 1894 ἐς
960 1809 997 1881 τὸ
1011 1811 1243 1883 Καπετώλιον·

272 1910 398 1983 ὄνοδον
420 1919 466 2006 τῷ
490 1914 614 2004 πλήθει
635 1921 702 1983 τῶν
723 1911 849 2004 ὄχλων,
871 1924 992 1996 λίθους
1010 1942 1046 1986 τε
1069 1912 1228 1998 καὶξύλα

246 2044 256 2083 ι
272 2018 494 2106 ἐπεφέροντο,
515 2013 790 2105 ἀντιπράττοντος
802 2035 871 2101 τοῖς
887 2015 954 2089 ύπδ
968 2025 1025 2107 τής
1040 2018 1227 2107 συγκλήτου

269 2122 527 2223 ἐψηφισμένοις,
542 2122 598 2190 καὶ
613 2117 753 2208 μάλιστα
766 2120 826 2191 τόν
833 2122 990 2211 Μάξιμον
1004 2119 1228 2211 παραιτούμε-

270 2246 341 2293 νοι·
357 2223 461 2311 <ήρξέ
477 2250 512 2291 τε
526 2221 610 2314 γάρ)
624 2223 842 2316 στερρότερον
860 2234 917 2314 τής
932 2225 1074 2312 πόλεως,
1090 2223 1176 2295 πολύ
1191 2250 1226 2292 τε
1240 2236 1256 2288 6

269 2323 307 2395 τὸ
329 2325 525 2415 ἐπιστρεφδς
540 2332 614 2413 ἔσχε
631 2323 714 2415 πρός
729 2325 808 2408 τούς
828 2329 979 2417 φαύλους
999 2330 1055 2397 καλ
1076 2327 1227 2414 κούφους

269 2435 339 2498 τῶν
353 2425 473 2516 ὄχλων.
502 2425 587 2499 ὄθεν
600 2427 746 2510 δεδιότες
760 2426 988 2531 άπηρέσκοντο
1002 2427 1104 2522 αύτῷ,
1120 2429 1226 2517 ἐβόων

246 2562 254 2602 ι
270 2558 307 2601 τε
322 2533 381 2601 καλ
393 2528 555 2619 ήπείλουν
569 2529 765 2602 άποκτενεῖυ
786 2530 925 2615 αύτούς·
946 2529 1065 2620 ήξίουν
1085 2530 1149 2619 γάρ
1164 2535 1226 2599 τού

268 2640 461 2724 Γορδιανού
474 2636 594 2723 γένους
606 2637 744 2722 βασιλέα
758 2640 952 2725 αἱρεθῆναι,
974 2633 1012 2702 τό
1030 2660 1065 2702 τε
1084 2639 1141 2720 τῆς
1161 2628 1226 2702 αύ-

268 2745 506 2827 τοιιρατορικής
525 2734 631 2825 ὄνομα
652 2733 753 2826 άρχής
772 2740 890 2830 ἐκείνω
909 2743 955 2829 τῷ
974 2745 1055 2828 οίκρι
1074 2737 1130 2805 καὶ
1147 2730 1225 2805 όνό-

268 2868 348 2929 ματι
360 2856 481 2929 μεῖναι.
532 2837 550 2910 δ
565 2841 603 2911 δὲ
616 2848 780 2929 Βαλβῖνος
793 2842 850 2910 καὶ
868 2841 1021 2927 Μάξιμος
1040 2841 1077 2909 ἐκ
1091 2845 1151 2908 τοῦ
1166 2842 1222 2908 ίπ-
1238 2852 1253 2905 7
1339 2927 1341 2930 .

268 2949 371 3013 πικού
386 2942 548 3036 τάγματος
562 2940 640 3025 τούς
659 2950 794 3025 νεανίας
813 2943 954 3031 πάντας,
975 2942 1176 3032 στρατιώτας
1190 2969 1226 3012 τε

246 3080 254 3121 ι
270 3054 307 3117 οἳ
318 3049 355 3116 ἐν
370 3042 476 3137 Ῥώμη
498 3049 683 3136 διέτριβον,
703 3047 959 3138 περιστήσαντες
978 3048 1107 3128 ἑαυτοῖς
1126 3048 1225 3134 ξιφη-

268 3147 398 3239 φόρους
411 3158 593 3239 προελθεῖν
605 3158 665 3221 τού
679 3157 898 3222 Καπετωλίου
912 3149 1091 3239 ἐβιάζοντο,
1106 3144 1172 3218 ὑπὸ
1187 3147 1225 3217 δέ

267 3252 422 3341 πλήθους
432 3259 542 3322 λίθων
554 3255 610 3323 καὶ
624 3254 734 3337 ξύλων
743 3252 980 3343 ἐκωλύθησαν,
994 3258 1068 3322 ἐστε
1081 3249 1123 3339 δή
1137 3246 1224 3321 ύπο-

267 3351 431 3445 βαλόντος
450 3354 541 3436 τινδς
559 3352 655 3427 αύτολ
675 3354 734 3426 τὸν
760 3362 868 3445 δήμου
887 3360 1095 3445 ἐσοφίσαντο.
1129 3344 1172 3442 ήν
1190 3381 1221 3426 τι

265 3464 407 3530 παιδίον
423 3458 564 3547 νήπιον,
579 3465 636 3547 τῆς
650 3463 838 3548 Γορδιαυοῦ
853 3456 1022 3547 θυγατρὸς
1035 3459 1162 3545 τέκνου,
1177 3463 1223 3549 τῷ

246 3592 253 3633 ι
270 3561 396 3655 πάππῳ
409 3558 598 3650 δμωνυμον.
650 3566 839 3651 πέμψαντες
851 3568 969 3631 τοίνυν
987 3567 1055 3630 τοῖν
1075 3557 1139 3629 σύν
1158 3553 1255 3630 αύ-8

267 3680 337 3743 τοῖς
355 3662 447 3743 τινάς
463 3664 642 3735 κελεύουσι
663 3663 700 3737 τδ
719 3671 861 3739 παιδίον
882 3673 1111 3759 κομισθῆναι.
1152 3666 1189 3724 δὲ
1207 3656 1254 3721 δὲ

249 3759 409 3851 Mem&
420 3762 505 3838 νύτό
518 3765 663 3865 άθύρον
676 3783 785 3870 οίκοι,
793 3771 974 3875 ἀράμενοι
988 3772 1051 3845 ἐπὶ
1062 3770 1136 3839 τῶν
1155 3756 1288 3843 &ww
