3134 4367
342 407 401 469 132
701 412 922 473 ΠΕΜΠΤΟΝ

339 601 454 675 κρῖνος
468 589 691 671 καταφρονῶν
703 589 762 652 τοῦ
773 582 964 671 πράγματος
978 579 1022 665 ὡς
1034 582 1293 672 παιδαριύδους,

339 686 508 777 χρώμενός
526 715 562 757 τε
583 692 622 775 τῇ
644 685 788 775 συνήθει
815 689 984 778 ῥᾳθυμίᾳ,
1006 684 1107 768 αὐτὸς
1127 686 1190 775 μὲν
1210 697 1294 756 οίκοι

340 792 443 880 μένει,
456 793 576 879 πέμπει
590 789 628 859 δὲ
642 792 702 859 ἕνα
714 795 782 857 τῶν
797 785 967 877 ἀρχόντων
981 797 1041 860 τοῦ
1055 791 1294 879 στρατοπέδου,

340 894 486 981 δύναμιν
512 892 594 973 δούς
617 888 700 980 ὅσην
728 889 810 983 η’ίετο
838 895 940 983 ῥᾷστα
966 892 1192 982 ἐκπορθησειν
1219 891 1296 973 τούς

236 1015 240 1024 ’
307 995 559 1087 δάφεστῶταςυ
590 991 634 1076 ἀς
655 992 686 1063 δ’
708 986 815 1082 ἦλθεν
831 991 1012 1077 Ἰουλιανός
1032 1001 1146 1079 (τοῦτο
1167 994 1232 1085 γάρ
1254 986 1320 1084 ἦνε

337 1098 445 1189 όνομα
460 1107 506 1192 τῷ
525 1098 670 1190 ἐπάρχῳ)
693 1100 749 1167 καὶ
768 1099 953 1187 προσέβαλε
974 1113 1042 1179 τοίς
1061 1106 1223 1187 τείχεσιν,
1241 1105 1295 1169 έν-

338 1209 445 1273 δοθεν
457 1208 491 1272 οί
509 1199 704 1290 στρατιῶται
719 1198 919 1281 ἀνελθόντες
933 1205 991 1270 ἐπί
1005 1229 1040 1271 τε
1054 1203 1133 1283 τοὺς
1145 1202 1296 1292 πύργους

338 1304 462 1387 καὶτὰς
474 1305 622 1388 ἐπάλξεις
630 1303 690 1373 τόν
700 1332 735 1373 τε
745 1311 848 1374 παῖδα
861 1297 913 1396 τῷ
921 1311 1050 1387 ἔξωθεν
1058 1312 1295 1392 πολιορκοῦντι

338 1415 467 1501 στρατῷ
487 1411 704 1495 ἐδείκνυσαν,
729 1404 932 1477 Ἀντωνίνου
952 1406 1030 1478 υλὸν
1052 1405 1293 1497 εὐφημοῦντες,

337 1510 499 1602 βαλάντιά
518 1539 553 1582 τε
574 1510 750 1600 χρημάτων
768 1510 871 1598 μεστὰ
891 1512 1009 1601 δέλεαρ
1029 1517 1213 1601 προδοσίας
1233 1506 1295 1580 αὐ·
1311 1536 1329 1575 ιο

308 1630 408 1694 ετοίς
422 1617 629 1686 ἐδείκνυσαν.
682 1620 717 1683 οἳ
733 1614 771 1683 δὲ
791 1613 1025 1695 πιστεύσαντες
1043 1611 1248 1685 Ἀντωνίυου
1262 1641 1295 1682 τε

339 1717 425 1788 εἶναι
446 1720 565 1788 τέκνον
586 1719 641 1787 καλ
663 1712 861 1806 όμοιότατόν
880 1745 918 1805 γε
935 1721 1085 1806 (βλέπειν
1104 1714 1169 1807 γάρ
1190 1713 1296 1797 οὕτως

337 1819 476 1908 ἤθελον)
490 1828 550 1890 τού
564 1822 626 1908 μέν
640 1815 824 1889 Ἰουλιανοῦ
838 1818 899 1908 τὴν
911 1819 1062 1908 κεφαλὴν
1072 1816 1295 1910 ἀποτέμνουσι

337 1926 393 1993 καλ
417 1925 582 2011 πέμπουσι
609 1929 654 2014 τῷ
674 1928 860 2015 Μακρίνω,
882 1920 977 1993 αὐτοὶ
998 1924 1036 1993 δὲ
1057 1924 1179 2006 πάντες
1201 1921 1294 1993 άνοι-

337 2033 485 2114 χθεισων
504 2021 619 2105 αὐτοῖς
638 2031 706 2093 τῶν
726 2032 844 2094 πυλῶν
866 2029 899 2106 ές
917 2024 953 2095 τό
974 2027 1201 2114 στρατόπεδον
1220 2028 1294 2096 έδέ-
1309 2044 1328 2085 1⁵

337 2139 478 2218 χθησαν.
506 2124 611 2208 οὕτως
633 2123 654 2215 ἡ
677 2126 820 2215 δύναμις
845 2125 1030 2217 αὐξηθεῖσα
1056 2126 1098 2198 οὐ
1123 2129 1231 2218 μόνον
1253 2120 1295 2219 ἦν

339 2230 422 2322 πρὸς
438 2228 476 2301 τό
499 2227 728 2319 ἀπομάχεσθαι
755 2239 931 2323 πολιορκίᾳ
957 2228 1042 2302 άλλόι
1064 2235 1120 2302 καλ
1147 2232 1232 2322 πρὸς
1258 2231 1294 2302 τό

339 2331 510 2423 συστάδην
519 2336 575 2403 καλ
590 2337 621 2417 ἐξ
636 2330 854 2416 ἀντιστάσεως
864 2331 1086 2423 άγωυιξεσθαι
1100 2333 1293 2427 ἀξιόχρεως·

339 2445 387 2509 ἔτι
404 2466 439 2509 τε
452 2440 508 2507 καλ
520 2444 588 2506 τάν
601 2434 798 2525 αὐτομόλων
811 2435 848 2506 τὸ
862 2446 994 2526 πλῆθος
1009 2439 1180 2527 ἑκάστοτε,
1196 2447 1228 2509 εί
1240 2442 1296 2509 καλ

339 2540 411 2612 κατ’
428 2538 563 2630 ὀλίγους
575 2540 732 2630 προσιόν,
747 2539 809 2630 τὴν
823 2541 967 2630 δύναμιν
980 2539 1134 2630 ηὐξησευ.
1310 2568 1331 2608 ω

307 2668 326 2719 5
440 2642 510 2715 ὁδὶ
524 2653 700 2734 Μακρῖνος
716 2640 759 2726 ὡς
776 2652 879 2714 ταῦτα
896 2643 1116 2732 ἐπυνθάνετο,
1132 2642 1297 2735 ἀθροίσας

339 2748 446 2818 πάντα
473 2744 514 2818 δν
541 2748 606 2836 εἶχε
629 2748 787 2836 στρατόν,
810 2748 905 2839 ἐπῄει
928 2745 971 2829 τός
994 2746 1036 2836 δὴ
1063 2748 1297 2838 πολιορκήσων

338 2849 416 2930 τούς
432 2854 550 2943 έκείνω
567 2847 891 2940 προσκεχωρηκότας.
919 2847 936 2919 ό
952 2850 989 2919 δέ
1003 2850 1218 2939 Ἀντωνῖνος,
1233 2849 1296 2923 οὐκ

297 3017 300 3023 ,
339 2949 575 3040 ἀναμενόντων
594 2959 662 3022 τῶν
681 2952 746 3021 οὐν
771 2950 862 3046 αὐτῷ
882 2961 1093 3041 Ι(στρατιωτῶν
1112 2962 1297 3044 πολιορκη-

339 3061 459 3143 θῆναι,
475 3054 720 3143 θαρρησάντων
735 3054 772 3123 δέ
785 3053 867 3142 μετὰ
875 3054 982 3143 πάσης
996 3064 1190 3145 προθυμίας
1204 3061 1295 3141 έξελ-
1310 3083 1331 3125 ω

339 3169 419 3227 θεῖν
431 3186 466 3227 τε
480 3160 537 3226 καλ
546 3153 779 3245 ὐπαντοόμευοι
791 3163 836 3250 τῷ
850 3167 1018 3252 Μακρίνω
1033 3165 1068 3229 ἐκ
1082 3160 1297 3250 παρατάξεως

310 3284 327 3337 6
341 3258 579 3349 ἀγωνίζεσθαι,
594 3259 700 3348 ἐξάγει
714 3258 775 3347 τὴν
789 3258 895 3331 αὐτοῦ
912 3261 1065 3351 δύναμιν.
1088 3268 1296 3352 συμμιξαντα

341 3365 379 3434 δὲ
400 3360 552 3453 ἀλλήλοις
572 3362 613 3432 τόι
633 3363 839 3450 στρατόπεδα
861 3373 1019 3454 Φοινίκης
1038 3394 1074 3435 τε
1092 3369 1149 3436 καλ
1164 3376 1296 3458 Συρίας

340 3471 378 3537 έν
390 3475 577 3557 μεθορίοις,
593 3472 629 3536 οί
637 3466 699 3555 μέν
712 3462 798 3554 ύπδρ
815 3475 874 3537 τού
891 3465 1092 3539 Ἀυτωνίνου
1109 3471 1295 3560 προθύμως

339 3568 551 3661 ἠγωνίζοντο,
562 3570 717 3657 δεδιότες,
735 3578 766 3639 εί
776 3567 963 3660 ἡττηθεῐεν,
978 3572 1040 3659 τὴν
1053 3569 1109 3662 ἐφ’
1128 3568 1179 3653 οἷς
1193 3580 1294 3663 ἔδρα·
1308 3602 1331 3642 ιο

339 3697 403 3745 σαν
419 3681 581 3764 τιμωρίαν
603 3671 843 3757 ἀναδέξασθαι·
870 3681 905 3744 οί
922 3676 959 3745 δὲ
980 3675 1046 3744 σὺν
1060 3683 1105 3768 τῷ
1125 3684 1294 3769 Μακρίνμ

331 3778 573 3871 ῥαθυμότερον
589 3780 836 3869 προσεφέροντο
850 3787 895 3871 τῷ
910 3786 1011 3871 ἔργῳ,
1027 3776 1294 3871 ἀποδιδράσκον-
