3134 4367
356 415 414 480 138
723 417 945 477 ΠΕΜΠΤΟΝ

354 580 418 660 οὐν
432 585 538 677 αὐτὴν
554 583 728 676 Οὐρανίαν
740 596 896 673 καλοῦσι,
911 594 1065 666 Φοίνικες
1078 586 1115 655 δὲ
1129 581 1306 673 Ἀστροάρ-

324 718 418 782 ὅχην
437 675 650 780 ὀνόμάζονσι,
669 692 814 780 σελήνην
838 691 932 762 εἶναι’
944 694 1110 769 θέλοντες.
1154 685 1306 775 ἁρμόζειν

354 804 471 866 τοίνυν
484 799 592 883 λέγων
610 791 628 863 ὁ
647 792 844 877 Ἀντωνῖνος
858 796 966 883 γάμον
979 791 1078 883 ἡλίου
1098 794 1154 861 καὶ
1168 791 1306 880 σελήνης

353 899 391 968 τό
417 927 452 967 τε
475 896 605 988 ἀγαλμα
626 900 854 986 μετεπέμψατο
876 901 933 967 καί
960 897 1068 966 πάντα
1090 894 1149 964 τόν
1176 899 1307 965 ἐκεῖθεν

353 1002 496 1091 χρυσόν,
510 1001 659 1090 χρήματά
671 1030 706 1070 τε
720 1001 927 1090 πάμπλειστα
948 998 1011 1089 τὴν
1031 998 1115 1068 θεὸν
1134 1002 1167 1080 ές
1187 1014 1307 1088 προῖκα
1321 1022 1330 1060 5

353 1105 396 1193 δὴ
410 1110 585 1175 ἐπιδοῦναι
603 1107 768 1174 ἐκέλευσε.
797 1108 960 1193 κομισθέν
976 1100 1062 1173 τετὸ
1081 1099 1213 1191 ἀγαλμα
1227 1124 1309 1171 σνν-

354 1208 453 1302 ρόκισε
473 1207 515 1296 δὴ
535 1215 581 1301 τῷ
600 1215 689 1299 θεῷ,
707 1209 866 1290 κελεύσας
886 1209 1011 1288 πάντας
1029 1205 1108 1285 τούς
1128 1205 1212 1274 κατὰ
1233 1201 1309 1274 Ῥά-

353 1340 420 1402 μην
441 1314 497 1381 καὶ
514 1308 653 1380 Ἰταλίαν
673 1309 876 1400 ἀνθρώπους
898 1311 1064 1396 ἑορτάζειν
1084 1314 1309 1388 παντοδαπαῖς

354 1444 389 1485 τε
405 1412 632 1503 εὐφροσύναις
647 1418 703 1484 καὶ
722 1410 877 1502 εὐωχίαις
890 1421 1034 1505 χρῆσθαι
1049 1418 1192 1505 δημοσίᾳ
1207 1414 1308 1482 τεκαὶ

357 1526 426 1610 ἰδίᾳ
441 1515 485 1598 ὠς
500 1517 540 1605 δὴ
555 1518 754 1606 γαμούντων
767 1526 871 1588 θεῶν.
1324 1539 1341 1577 ¹⁰

324 1646 342 1699 6
458 1622 679 1691 κατεσκεύασε
694 1622 731 1690 δὲ
744 1625 801 1692 καὶ
815 1625 852 1691 έν
866 1627 911 1713 τῷ
926 1617 1207 1711 προαστείφνεων
1219 1623 1309 1708 μέγι-

334 1724 436 1823 ,στόν
449 1753 484 1795 τε
497 1727 551 1794 καλ
567 1728 865 1812 πολυτελέστατον,
886 1728 919 1804 ές
933 1719 974 1793 δν
987 1724 1127 1793 ἑκάστου
1142 1730 1238 1803 ἔτους
1252 1751 1309 1792 κα-

355 1836 435 1917 τῆγε
454 1825 513 1897 τόν
536 1826 620 1897 θεὸν
644 1824 844 1917 ἀκμάζοντος
869 1829 1002 1916 θέρους.
1043 1826 1250 1915 πανηγύρεις
1278 1853 1309 1894 τε

357 1929 569 2011 παντοδαπάς
582 1931 794 2019 συνεκρότει,
809 1930 1035 2019 ἱπποδρόμους
1049 1958 1084 1999 τε
1104 1930 1308 1998 κατασκευά-

356 2055 415 2114 σας
428 2035 484 2102 καλ
497 2035 641 2122 θέατρα,
656 2034 712 2102 διά
725 2061 760 2104 τε
774 2030 939 2122 ἡνιοχείας
956 2034 1012 2102 καὶ
1032 2032 1167 2102 πάντων
1182 2032 1309 2122 θεαμά-
1325 2052 1342 2091 1³

357 2164 425 2205 των
446 2137 557 2204 τεκαὶ
578 2131 797 2225 ἀκροαμάτων
819 2144 984 2206 πλείστων
1003 2133 1239 2223 εὐωχούμενον
1256 2134 1312 2205 τόν

359 2245 465 2327 δῆμον
492 2240 547 2307 καὶ
574 2247 816 2327 παννυχίζοντα
840 2236 1038 2328 εὐφραίνειν
1062 2236 1154 2333 ᾤετο.
1195 2239 1255 2308 τόν
1281 2266 1312 2306 τε

359 2341 443 2412 θεὸν
462 2338 567 2411 αὐτόν
587 2344 763 2431 ἐπιστήσας
784 2340 905 2432 ἀρματτ
926 2350 1039 2436 χρυσῷ
1064 2371 1100 2411 τε
1126 2344 1182 2411 καὶ
1205 2350 1313 2421 λίθοις

359 2444 566 2534 τιμιωτάτοις
586 2451 830 2539 πεποικιλμένῳ
852 2453 994 2533 κατῆγεν
1020 2442 1085 2516 ἀπό
1111 2452 1168 2533 τῆς
1188 2446 1314 2527 πόλεως

329 2552 414 2620 unz
428 2546 465 2618 τὸ
479 2548 685 2638 προάστειον.
736 2548 774 2620 τὸ
790 2552 827 2619 δὲ
846 2546 934 2639 ἀρμα
950 2540 1032 2637 ἦγεν
1049 2549 1236 2637 ἑξάπωλον,
1259 2554 1313 2617 ίπ-
1327 2562 1348 2600 2⁰

360 2680 434 2723 πων
446 2660 578 2722 λευκῶν
593 2661 758 2742 μεγίστων
771 2655 876 2723 τεκαὶ
894 2649 1054 2739 ἀσπίλων,
1072 2658 1185 2745 χρυσῷ
1204 2658 1313 2743 πολλῷ

360 2758 416 2825 καὶ
430 2756 593 2846 φαλάροις
609 2765 771 2839 ποικίλοις
791 2759 1063 2844 κεκοσμημένων,
1085 2754 1143 2836 τάς
1163 2784 1199 2825 τε
1220 2751 1315 2843 ἡνίας

360 2874 525 2944 κατεῖχεν·
541 2856 675 2928 οὐδέπω
690 2859 728 2929 δὲ
741 2867 801 2928 τοῦ
816 2856 959 2946 ἀρματος
980 2856 1160 2947 ἀνθρωπος
1181 2862 1316 2946 ἐπέβαι-

360 2989 436 3046 νεν,
451 2957 543 3051 αὐτῷ
557 2961 594 3029 δὲ
610 2965 813 3049 περιέκειντο
834 2958 878 3041 ὡς
898 2957 1089 3049 ἡνιοχοῦντι
1109 2959 1151 3049 δὴ
1172 2969 1219 3053 τῷ
1235 2967 1315 3055 θεῷ.

360 3061 378 3133 ὁ
393 3060 426 3133 δ’
446 3060 642 3144 Ἀντωνῖνος
656 3072 733 3133 ἔθεε
748 3062 812 3151 πρὸ
827 3070 886 3132 τοῦ
900 3060 1044 3151 ἀρματος
1058 3061 1272 3149 ἀναποδίζων
1285 3068 1315 3143 ές
1330 3086 1351 3127 τε

360 3163 526 3253 τούπίσω,
542 3172 575 3245 ἔς
589 3193 625 3235 τε
648 3165 707 3235 τόν
726 3165 812 3235 θεὸν
831 3164 1032 3255 ἀποβλέπων
1051 3169 1107 3236 καλ
1126 3165 1207 3249 τούς
1225 3176 1318 3255 χαλι-

361 3267 442 3348 νούς
462 3266 611 3355 ἀντέχων
630 3275 698 3338 τῶν
719 3275 847 3339 ἵππων·
870 3268 981 3340 πᾶσάν
1003 3299 1039 3341 τε
1059 3269 1120 3358 τὴν
1135 3267 1219 3340 ὁδόν
1236 3267 1318 3359 ἤνυε

362 3374 488 3460 τρέχων
503 3379 645 3459 ἔμπαλιν
660 3374 781 3441 ἑαυτοῦ
795 3369 933 3462 ἀφορῶν
947 3402 981 3443 τε
996 3378 1028 3456 ἐς
1041 3372 1077 3442 τό
1092 3373 1246 3461 πρόσθεν
1261 3380 1318 3443 τοῦ

331 3488 349 3542 8
363 3482 460 3545 θεοῦ.
501 3473 584 3563 πρός
597 3503 632 3545 τε
646 3473 681 3544 τό
696 3474 740 3564 μὴ
755 3492 888 3547 πταῖσαι
905 3473 1010 3553 αὐτὸν
1028 3471 1049 3566 ἢ
1064 3482 1318 3563 διολισθαίνειν,

363 3575 424 3666 οὐχ
446 3573 577 3666 ὁρῶντα
596 3574 682 3647 ὅπου
704 3586 830 3668 βαίνει,
853 3587 895 3669 γῆ
915 3608 949 3649 τε
970 3577 990 3669 ἡ
1009 3588 1211 3671 χρυσίζουσα
1231 3608 1318 3669 παμ-
1333 3594 1354 3633 ³⁰

363 3689 499 3771 πλείστη
514 3677 720 3771 ὑπέστρωτο,
735 3688 770 3754 οἵ
787 3711 823 3752 τε
840 3691 1100 3774 προασπίζοντες
1109 3686 1319 3772 ἑκατέρωθεν

269 3817 304 3881 Ι
353 3783 527 3875 ἀντεῖχον,
550 3791 608 3876 τῆς
629 3784 813 3877 ἀσφαλείας
832 3794 892 3857 τοῦ
911 3787 1066 3857 τοιούτου
1089 3786 1217 3875 δρόμον
1239 3814 1319 3875 προ-
