3134 4367
708 416 860 479 νειοοα
1012 378 1014 382 ’
1219 419 1258 481 ευ

307 592 498 680 προήγαγεν
519 593 690 679 ἐξουσίαν,
710 590 844 683 πλούτῳ
864 618 900 659 τε
919 587 1162 680 ὑπερβάλλοντι
1183 594 1259 664 έκό·

306 715 428 783 σμησε,
452 699 520 762 των
549 690 801 783 ἀναιρουμένων
825 693 1035 782 χαριζόμενος
1055 694 1111 777 τάς
1130 693 1257 784 ούσίας,

307 794 410 867 οὐδὲν
423 800 539 886 ἕτερον
553 794 627 867 ἀλλ’
643 792 665 885 η’
677 796 896 888 μερισάμενος
910 797 992 886 πρὸς
1005 793 1109 867 αὐτὸν
1122 798 1182 889 τὴν
1196 796 1257 885 ἀρ-

305 901 377 989 χήν.
409 890 494 991 ᾗπερ
509 903 635 980 ἐκεῖνος
648 896 883 988 ἀποχρώμενος
896 895 973 969 ούτε
994 897 1157 989 ὠμότητος
1179 900 1287 977 ούτεῖ

278 1012 379 1092 εβίας
404 1006 441 1073 ἐν
459 1010 562 1072 πᾶσιν
584 998 633 1083 οἷς
655 1009 815 1093 ἔπραττεν
837 999 1006 1091 ἀπείχετο,
1031 1004 1258 1095 φοβερώτερος

304 1114 372 1176 τῶν
385 1106 519 1175 ποτ’ποτε
533 1103 704 1194 ἀρχόντων
717 1105 904 1194 γενόμενος.
937 1106 1060 1176 τούτου
1074 1104 1135 1196 την
1148 1118 1259 1196 θυγα·

303 1212 381 1300 τέρα
395 1209 509 1293 ζεύξας
523 1205 541 1278 ό
554 1215 703 1298 Σευηρος
717 1216 762 1301 τῷ
776 1214 839 1301 υίῷ
852 1207 911 1278 τὸν
925 1208 1017 1279 οἶκον
1030 1205 1169 1298 ἥνωσεν.
1188 1207 1205 1281 ὁ
1220 1210 1257 1280 δέ
1271 1233 1290 1285 8

299 1309 497 1392 Ἀντωνῖνος
510 1308 552 1381 ού
566 1311 655 1381 πάνυ
668 1340 700 1380 τι
713 1308 873 1400 ἡδόμενος
887 1319 932 1404 τῷ
948 1311 1059 1405 γάμῳ,
1080 1312 1208 1403 ἀνάγκη
1222 1313 1260 1383 δὲ

303 1410 466 1503 μάλλονῆ
486 1417 676 1500 προαιρέσει
695 1417 972 1502 συνεζευγμένος,
997 1412 1150 1504 ἀπεχθῶς
1170 1417 1260 1487 πάνυ

267 1545 289 1585 ιο
303 1519 387 1608 πρός
400 1546 436 1587 τε
449 1515 511 1605 τὴν
530 1518 636 1607 κόρην
650 1521 790 1587 διέκειτο
806 1520 862 1586 καί
881 1516 963 1603 πρὸς
983 1517 1040 1587 τὸν
1054 1524 1179 1608 πατέρα
1196 1517 1260 1589 αύ-

301 1629 375 1709 της,
392 1617 436 1701 ὥς
449 1620 530 1711 μήτε
546 1618 645 1709 εύνης
665 1619 745 1709 μήτε
765 1622 874 1699 ἑστίας
890 1638 1081 1709 κοινωνεῖν,
1096 1622 1276 1711 μνσάττεν

300 1731 388 1794 σθαί
397 1751 433 1793 τε
446 1723 508 1812 τὴν
521 1724 640 1814 κόρην,
662 1720 814 1792 ἀπειλεῖν
832 1751 868 1791 τε
888 1722 1041 1792 ἑκάστοτε
1064 1721 1259 1795 ἀποκτενεῖν

300 1829 358 1896 καὶ
371 1824 479 1917 αύτην
492 1829 549 1896 καί
567 1825 626 1896 τὸν
639 1829 781 1914 πατέρα,
797 1825 881 1895 ἐπάν
901 1832 959 1915 της
979 1824 1080 1914 ἀρχῆς
1100 1826 1260 1916 ἐγκρατὴς

301 1932 436 2019 γένηται
450 1930 559 2019 μόνος.
586 1937 689 1999 ταῦτα
704 1928 746 2020 δὴ
766 1926 883 2018 ηκόρη
899 1930 1052 2000 ἑκάστοτε
1073 1926 1258 2019 ἀπήγγελλε

266 2056 286 2097 ιε
301 2039 347 2126 τῷ
363 2041 481 2121 πατρί,
498 2036 553 2102 καί
567 2040 627 2102 τού
642 2032 750 2121 γάμου
763 2031 800 2103 τὸ
815 2049 908 2121 μῖσος
927 2036 1129 2124 διηγουμένη
1143 2035 1256 2124 παρά-

301 2139 401 2217 ξυνεν
414 2133 528 2205 αύτόν.
580 2132 598 2204 ὁ
615 2135 651 2204 δέ
664 2135 875 2216 Πλαυτιανὸς
895 2132 984 2224 ὁρῶν
999 2134 1057 2205 τόν
1070 2138 1132 2225 μέν
1145 2146 1255 2226 Σευῆ-
1270 2143 1304 2201 11

300 2266 361 2325 ρον
381 2238 574 2328 πρεσβύτην
595 2267 630 2308 τε
653 2236 716 2328 ἤδη
738 2241 795 2308 καί
808 2236 874 2310 ύπό
893 2239 996 2308 νόσου
1016 2248 1164 2328 συνεχως
1182 2244 1257 2310 ἐνο-

299 2342 505 2431 χλούμενον,
526 2340 585 2411 τόν
605 2342 650 2412 δὲ·
662 2339 862 2412 Ἀντωνῖνον
887 2345 1032 2432 ἐμβριθῆ
1045 2345 1101 2413 καί
1121 2342 1257 2432 θρασύν

299 2454 448 2532 νεανίαν,
467 2443 585 2524 δεδιώς
595 2471 630 2513 τε
641 2443 745 2515 αύτοῦ
759 2444 816 2525 τάς
834 2442 980 2532 ἀπειλάς,
989 2452 1113 2532 δρᾶσαί
1126 2475 1157 2514 τι
1170 2453 1256 2534 μάλ-

264 2569 286 2610 νο
300 2556 359 2617 λον
380 2548 514 2636 φθάσας
535 2543 557 2636 ἦ
576 2559 700 2617 παθεῖν
721 2545 901 2636 ἀναμείνας
920 2544 1095 2637 η’θέλησεν.
1149 2554 1196 2617 ἔτι
1219 2574 1254 2617 τε
1272 2562 1290 2613 2

299 2648 405 2720 αύτόν
426 2650 610 2720 καὶπολλὰ
635 2642 679 2738 ἦν
706 2648 746 2719 τά
773 2648 855 2739 πρὸς
877 2656 1046 2738 βασιλείας
1072 2653 1256 2737 ἐπιθυμίαν

299 2749 543 2840 ἀναπείθοντα,
564 2753 711 2823 πλούτου
737 2780 772 2821 τε
795 2748 956 2841 περιβολὴ
983 2748 1004 2839 ἢ
1026 2750 1072 2840 μὴ
1091 2752 1256 2843 πρότερόν

299 2885 364 2926 τινι
386 2856 595 2927 ἰδιωτεύοντι
614 2859 762 2944 ἐγένετο,
782 2861 994 2942 στρατιωτῶν
1012 2883 1047 2924 τε
1066 2866 1254 2944 θεραπεῖαι,

298 2967 393 3048 τιμαί
406 2988 443 3029 τε
457 2965 495 3028 αί
506 2957 596 3046 παρά
609 2968 676 3028 τοῖν
690 2957 892 3048 ἀρχομένων,
909 2958 1016 3048 σχῆμά
1031 2987 1066 3028 τε
1080 2949 1107 3051 ᾦ
1120 2960 1254 3050 προῄει·

264 3094 285 3135 οε
300 3058 463 3151 ἠμφίεστο
478 3062 542 3151 γάρ
557 3061 618 3151 τήν
632 3091 667 3132 τε
681 3062 898 3150 πλατύσημον
913 3068 1055 3150 ἐσθῆτα,
1075 3069 1112 3131 ἔν
1131 3090 1167 3132 τε
1186 3080 1256 3145 τοῖς

299 3165 459 3254 δεύτερον
473 3162 698 3235 ύπατεύσασιν
711 3168 879 3254 ἐτέτακτο,
895 3165 1094 3256 παρηοάρητό
1114 3192 1150 3234 τε
1164 3163 1256 3259 αὐτῷ

297 3272 411 3356 ξίφος,
438 3270 495 3338 καὶ
528 3268 650 3350 παντὸς
676 3266 857 3356 ἀξιώματος
883 3276 990 3357 σχῆμα
1017 3275 1117 3356 ἔφερε
1142 3269 1252 3357 μόνος.

298 3370 427 3458 προῖὼν
445 3371 483 3440 δέ
498 3370 641 3460 φοβερὸς
654 3361 713 3461 ἦν,
729 3368 773 3451 ὡς
786 3370 867 3460 μήτε
882 3370 955 3440 τινά
970 3373 1153 3460 προσιέναι,
1168 3369 1251 3441 ἀλλά
1266 3392 1285 3445 3

297 3477 353 3544 καί
367 3473 448 3555 τούς
467 3470 726 3561 ύπαντωμένους
747 3471 986 3562 ἀναστρέφειν
1008 3480 1092 3543 οἵτε
1114 3475 1254 3562 προῖόν-

264 3598 285 3641 ιο
298 3606 350 3659 τες
364 3574 472 3647 αύτοῦ
486 3578 667 3665 ἐκήρυττον
680 3578 807 3664 μηδένα
821 3576 1022 3663 παρεστάναι
1035 3573 1114 3665 μηδ’
1137 3581 1170 3656 ἐς
1190 3572 1254 3643 αύ-

267 3747 269 3753 .
298 3679 356 3749 τὸν
370 3682 526 3770 βλέπειν,
542 3675 617 3749 ἀλλ’
634 3675 904 3769 ἀποστρέφεσθαι
919 3682 974 3747 καί
989 3678 1077 3748 κάτω
1092 3680 1238 3766 βλέπειν.

398 3778 515 3873 οἷσπερ
530 3784 585 3853 καί
599 3779 617 3854 ὁ
632 3788 781 3873 Σευῆρος
794 3780 1051 3873 ἀμφελλομένοις
1068 3776 1110 3848 ού
1123 3777 1215 3846 πάνυ
1228 3805 1266 3843 τι
