3134 4367
680 387 900 480 mmow
1201 420 1259 481 105

312 592 424 671 σκέψις
444 586 714 678 άπεδοκιμάσθη,
735 586 888 681 ἑκάτερός
907 619 941 660 τε
962 594 995 672 ές
1008 590 1047 661 τὰ
1060 595 1182 664 ἑαυτοῦ
1196 601 1259 683 βα-

309 689 627 781 σίλειαάνεχοόρησε.
826 686 829 692 ’

409 794 447 865 τδ
462 796 499 865 δὲ
513 811 606 882 μῖσος
626 797 681 865 καὶ
700 791 721 884 ή
743 796 855 878 στάσις
868 792 994 883 ηὔξετο.
1023 807 1087 867 είτε
1100 797 1163 887 γάρ
1177 795 1256 888 ήγε-
1268 805 1287 863 4

311 894 446 988 μόναςή
465 896 625 987 άρχοντας
644 904 713 968 ἔδει
738 915 863 985 ποιεῖν,
885 895 1040 987 ἑκάτερος
1058 898 1117 969 τόν
1137 904 1258 971 ἑαυτοῦ

284 1011 412 1090 ιφίλον
432 1002 593 1090 προάγειν
613 998 752 1089 ήθελεν,
774 1012 840 1072 είτε
861 1003 1041 1091 δικάζοιεν,
1065 1000 1105 1072 τδι
1125 1007 1258 1074 ἐναντία

308 1105 493 1194 ἐφρόνουν,
519 1101 572 1174 ἐπ’
601 1101 733 1196 ὀλέθρφ
753 1113 821 1174 τῶν
844 1108 1067 1194 δικαζομένων
1087 1102 1162 1175 ἐσθ’
1185 1103 1256 1176 ὅτε

307 1211 408 1278 πλέον
421 1205 486 1296 γάρ
501 1198 544 1294 ήν
557 1204 636 1300 παρ’
652 1204 766 1287 αὐτοῖς
780 1216 839 1277 τοῦ
855 1213 988 1277 δικαίου
1002 1208 1038 1279 τδ
1055 1208 1258 1297 φιλόνεικον.

306 1317 342 1381 ἐν
354 1339 390 1381 τε
404 1311 550 1399 θεάμασι
563 1313 639 1397 περὶ
653 1309 693 1380 τά
706 1315 840 1381 ἐναντία
854 1311 1066 1395 ἐσπούδαζον.
1102 1311 1209 1382 πάντα
1223 1341 1259 1383 τε
1273 1323 1291 1375 2

306 1420 377 1503 είδη
392 1417 571 1503 ἐπιβουλῆς
585 1413 759 1501 ἐξήρτυον,
774 1413 946 1501 οἰνοχόους
958 1441 993 1484 τε
1007 1417 1062 1485 καλ
1077 1412 1258 1498 ὀψοποιοὺς

271 1545 292 1585 ιο
305 1513 487 1587 άνέπειθον
501 1520 658 1605 ἐμβαλεῖν
677 1517 860 1605 δηλητήρια
875 1514 1042 1605 φάρμακα.
1079 1515 1120 1587 οά
1135 1522 1257 1611 ῥαδίως

305 1621 341 1690 δέ
354 1618 469 1690 αὐτῶν
489 1616 654 1711 οὐδετέρῳ
674 1620 874 1708 προεχιόρει,
895 1619 1009 1709 ἐπειδή
1032 1620 1113 1708 μετδι
1133 1629 1258 1710 πολλῆς

303 1724 558 1811 ἐπιμελείαςκαὶ
573 1728 724 1809 φρουράς
738 1727 908 1811 διῃτῶντο.
927 1725 1020 1803 τέλος
1033 1723 1070 1792 δέ
1083 1723 1127 1812 μή
1143 1728 1256 1814 φέρων

304 1822 321 1894 δ
338 1822 552 1912 Ἀντωνῖνος,
567 1822 640 1894 ἀλλ’
658 1821 725 1895 όπδ
739 1832 797 1913 τῆς
818 1828 895 1915 περὶ
913 1823 974 1914 τήν
986 1835 1169 1916 μοναρχίαν
1184 1831 1256 1897 ἐπι-

303 1936 428 2018 θυμίας
442 1929 672 2016 έλαυνόμενος,
688 1930 809 2015 διέγνω
824 1933 948 2016 δράσαί
960 1958 992 1997 τι
1006 1924 1027 2018 ή
1041 1941 1164 2000 παθεῖν
1178 1958 1256 2019 γεν-

270 2063 291 2104 ιτ
304 2047 410 2118 ναῖον,
425 2030 482 2101 διὰ
495 2035 613 2119 ξίφους
625 2030 776 2119 χωρήσας
790 2034 846 2101 καὶ
859 2032 983 2120 φόνου·
998 2032 1042 2122 μή
1058 2033 1252 2124 προχωροά-
1267 2048 1285 2101 3
1345 2059 1349 2070 ·

302 2156 359 2223 σης
371 2132 437 2223 γάρ
457 2141 515 2222 τής
528 2133 762 2222 λανθανούσης
774 2139 954 2224 ἐπιβουλῆς
973 2132 1158 2223 άναγκαίοιν
1171 2133 1255 2226 ήγή-

302 2258 379 2307 σατο
394 2235 457 2324 τήν
476 2237 668 2324 κινδυνώδη
687 2265 722 2306 τε
742 2240 799 2306 καὶ
818 2234 1077 2328 ἀπεγνωσμένην
1098 2293 1176 2308 ....
1197 2248 1255 2329 τής

302 2340 361 2428 μέν
376 2339 434 2410 διά
448 2338 592 2429 στοργήν
613 2348 674 2409 τοῦ
688 2339 725 2409 δὲ
740 2338 786 2410 δι’
802 2341 993 2430 ἐπιβουλήν.

402 2446 506 2523 Γέτας
530 2443 592 2531 μέν
618 2443 660 2531 δη
682 2450 820 2532 καιρίως
839 2453 997 2534 τρωθείς,
1012 2445 1173 2533 προσχέας
1198 2440 1304 2512 τδωιι

268 2576 291 2618 ν
304 2540 382 2634 αἷμα
398 2562 467 2626 τοῖς
487 2553 543 2633 τῆς
563 2545 685 2634 μητρός
707 2547 865 2634 στήθεσι,
885 2548 1063 2634 μετήλλαξε
1083 2545 1142 2614 τδν
1160 2551 1250 2632 βίον·

301 2645 318 2718 δ
333 2646 365 2718 δ’
379 2646 575 2729 Ἀντωνῖνος
585 2652 868 2736 κατεργασθέντος
879 2646 969 2739 αὐτῷ
979 2656 1040 2717 τοῦ
1051 2646 1160 2736 φόνου
1169 2673 1254 2734 προ-

300 2756 389 2843 πηδᾷ
402 2757 464 2820 τοῦ
481 2756 650 2839 δωματίου
664 2753 766 2836 θέων,
778 2750 961 2838 φερόμενός
975 2777 1011 2819 τε
1025 2748 1072 2820 δι’
1088 2745 1177 2819 όλων
1186 2757 1254 2819 τῶν

300 2861 478 2942 βασιλείων
492 2853 569 2941 ἐβόα
592 2856 696 2942 μέγαν
715 2860 878 2922 κίνδυνον
898 2857 1139 2942 ἐκπεφευγέναι
1158 2853 1284 2941 μόλις4

300 2985 334 3027 τε
356 2963 521 3045 σωθῆναι.
561 2957 639 3037 τούς
661 2984 696 3025 τε
717 2956 934 3044 στρατιώτας,
954 2966 988 3027 οί
1005 2964 1194 3045 φρουροῦσι
1213 2956 1253 3026 τδι

266 3084 288 3125 τε
301 3068 470 3147 βασίλεια,
491 3059 621 3129 κελεύει
647 3056 751 3129 αὐτὸν
772 3056 983 3148 ἁρπάσαντας
1005 3057 1145 3148 ἀπάγειν
1164 3063 1197 3141 ἐς
1215 3059 1251 3130 τδ

300 3163 542 3252 στρατόπεδον,
567 3159 611 3242 ὥς
633 3158 676 3232 άν
702 3169 799 3252 σωθῇ
821 3167 891 3232 έκεῖ
910 3171 1110 3252 φυλαχθείς·
1138 3170 1253 3252 μείνας

299 3265 361 3355 γάρ
377 3269 432 3335 ἐπὶ
446 3272 503 3353 τῆς
516 3272 687 3353 βασιλείου
702 3262 806 3353 αὐλῆς
821 3273 934 3354 ἐλεγεν
957 3263 1164 3336 ἀπολεῖσθαι.
1193 3294 1250 3336 πι-

299 3369 494 3449 στεάσαντές
511 3396 547 3437 τε
561 3370 697 3455 ἐκεῖνοι,
714 3368 751 3438 τό
765 3396 800 3437 τε
814 3371 1047 3458 πεπραγμένον
1067 3375 1166 3439 ἔνδον
1188 3365 1250 3438 οὐκ

300 3472 439 3559 είδότες,
462 3474 578 3541 θέοντι
604 3468 694 3562 αὐτῷ
720 3473 777 3539 καὶ
804 3474 978 3563 φερομένῳ
1006 3475 1251 3563 συνεξέδραμον

264 3599 286 3640 ω
300 3575 429 3655 πάντες.
461 3573 585 3662 ταραχή
604 3602 640 3642 τε
654 3572 713 3642 τδν
734 3578 840 3661 δῆμον
859 3590 1009 3661 κατεῖχεν
1025 3571 1155 3663 δρῶντα
1174 3574 1252 3658 περὶ

299 3682 413 3765 δείλην
431 3680 486 3746 διδ
507 3678 608 3765 μέσης
629 3674 816 3764 φερόμενον
834 3683 892 3764 τής
911 3677 1037 3757 πόλεως
1059 3676 1170 3766 δρόμφ
1191 3671 1251 3741 τὸν

299 3782 444 3868 βασιλέα.
497 3776 542 3860 ὡς
556 3780 593 3849 δὲ
606 3780 761 3849 ἐσέπεσεν
774 3782 808 3861 ἐς
820 3777 857 3850 ιδ
871 3778 1099 3871 στρατόπεδον
1110 3772 1259 3856 {mimz
1270 3794 1297 3844 ἢ
