3134 4367
303 422 360 484 122
672 425 892 522 TETAPTON

402 596 530 668 τούτων
552 596 590 666 δὲ
610 598 845 687 πραττομένων
867 598 1037 684 ἐφίσταται
1058 592 1074 665 ὁ
1092 591 1251 684 Ἀρτάβα-

298 729 356 782 νος
370 699 451 789 μετά
467 707 625 790 μεγίστου
644 701 797 787 πλήθους
819 702 875 769 καλ
889 699 1079 787 δυνάμεως,
1102 703 1205 768 ἵππον
1218 726 1252 767 τε

224 792 231 803 “
299 803 426 892 πολλήν
440 800 532 892 ἄγων
545 806 601 873 καὶ
620 807 762 886 τοξοτῶν
778 805 862 891 μέγα
881 831 912 872 τι
932 810 1060 890 πλῆθος
1079 800 1252 890 καταφρά-

266 926 284 979 4
301 934 400 988 κτους
412 934 446 975 τε
464 905 528 977 άπὸ
549 907 706 995 καμήλων
720 912 847 990 ἔξωθεν
865 923 1001 996 μακροῖς
1016 906 1167 992 δόρασιν.
1210 901 1254 985 ὡς

299 1006 332 1078 δ’
355 1006 523 1099 ἀπηγγέλη
544 1010 709 1099 προσιών,
731 1012 937 1099 συγκαλέσας
956 1008 1033 1091 τούς
1053 1006 1278 1097 στρατιάταςι

297 1109 507 1203 όΜακρῐνος
523 1117 611 1196 ἔλεξε
630 1113 750 1182 τοιάδε.
783 1108 921 1201 “οἰλγεῑν
941 1114 1003 1202 μὲν
1022 1109 1108 1199 ὑμᾶς
1128 1110 1253 1191 πάντας

298 1217 353 1286 ἐπὶ
366 1216 516 1285 τοιούτου
531 1219 701 1304 βασιλέως,
715 1212 737 1304 ή
752 1221 808 1285 ἵνα
818 1212 947 1304 τάληθῆ
957 1218 1094 1305 λέγοιμι,
1105 1235 1253 1302 συστρα-

298 1317 417 1388 τιάτου
444 1316 593 1409 ἀποβολῇ
614 1318 811 1408 θαυμαστὸν
837 1316 953 1388 οὐδέν·
986 1322 1104 1408 φέρειν
1130 1317 1169 1385 δὲ
1197 1314 1253 1397 τάς

297 1418 474 1509 συμφοράς
496 1423 552 1491 καὶ
574 1420 614 1491 τά
633 1429 883 1509 προσπίπτοντα
909 1429 1049 1511 μετρίως
1071 1418 1254 1509 ὑπομένειν

267 1522 491 1615 οάνθράπων
510 1533 610 1614 ἔργον
626 1525 905 1616 σωφρονούντων.
958 1522 978 1615 ή
998 1526 1059 1615 μὲν
1078 1522 1143 1614 γάρ
1166 1526 1253 1592 έκεί-
1270 1552 1288 1591 ιι

297 1656 361 1698 νου
380 1629 490 1719 μνήμη
507 1636 544 1698 ἒν
562 1657 598 1698 τε
616 1646 685 1710 τοῖς
705 1626 877 1718 ὑμετέροις
892 1633 1039 1717 στέρνοις
1059 1631 1253 1716 ἐγκείσεται,

298 1748 367 1813 τοῖς
386 1760 421 1801 τε
444 1736 476 1814 ἐς
497 1729 640 1824 ὕστερον
659 1732 929 1823 παραδοθήσεται
951 1731 1051 1814 δόξαν
1065 1727 1178 1800 άίδιον
1193 1732 1254 1817 φέ-

300 1856 406 1923 ρουσα
423 1835 577 1925 μεγάλων
593 1864 628 1904 τε
650 1838 706 1904 καὶ
730 1844 898 1924 γενναίων
919 1843 1027 1925 έργων
1052 1825 1101 1903 οἷν
1123 1838 1253 1920 ἔδρασε,

299 1945 451 2026 φίλτρων
470 1965 505 2006 τε
527 1941 590 2007 καλ-
606 1936 739 2019 εὐνοίας
758 1939 914 2027 καμάτων
928 1944 973 2008 Ιτε
993 1944 1173 2017 κοινωνίας
1199 1943 1254 2024 τής

301 2039 383 2130 πρὸς
403 2037 498 2129 ὑμᾶς.
532 2048 597 2109 νῦν
619 2041 656 2110 δὲ
674 2041 805 2131 καιρός,
827 2042 1025 2131 τιμήσαντας
1045 2036 1089 2122 ως
1109 2037 1173 2130 χρή
1194 2038 1287 2128 τήνω

300 2143 433 2232 μνήμην
454 2150 513 2212 τοῦ
532 2141 818 2232 τετελευτηκότος,
840 2141 1136 2233 άφοσιωσαμέυους
1156 2170 1192 2211 τε
1215 2141 1254 2212 τά

271 2244 387 2335 οπρὸς
407 2249 551 2334 ἐκεῖνον,
573 2254 708 2335 ἔχεσθαι
735 2253 803 2317 τῶν
824 2248 1034 2338 ἐπειγόντων.
1075 2244 1175 2336 δρᾶτε
1196 2244 1254 2314 τόν

299 2348 470 2439 βάρβαρον
483 2352 652 2439 ἐφεστῶτα
665 2348 731 2419 σὺν
746 2354 846 2422 παντὶ
859 2359 904 2444 τῷ
919 2358 976 2439 τής
990 2347 1153 2438 άνατολής
1170 2349 1254 2436 πλή-

298 2463 374 2541 θει,
396 2455 453 2522 καὶ
471 2458 634 2523 δοκοῦντα
654 2453 824 2543 πρόφασιν
844 2452 985 2542 εὔλογον
1008 2460 1096 2541 ἔχειν
1115 2461 1253 2543 ἔχθρας·

298 2553 392 2646 ήμεῐς
405 2554 467 2647 γάρ
481 2554 586 2626 αὐτὸν
595 2557 894 2647 προυκαλεσάμεθα
904 2557 1251 2647 παρασπονδήσαντες,
1268 2576 1289 2618 w

298 2663 355 2729 καλ
369 2664 406 2730 ἐν
420 2657 536 2750 είρήνη
549 2668 672 2752 βαθείᾳ
688 2661 834 2748 πόλεμον
848 2657 1037 2751 ήγείραμεν.
1064 2657 1205 2750 ήρτηται
1219 2660 1255 2728 δὲ

300 2770 365 2832 νῦν
379 2769 467 2832 πάσα
481 2760 501 2850 ή
516 2761 684 2852 Ῥωμαίων
699 2762 781 2851 άρχή
796 2772 853 2853 τής
870 2762 1029 2852 ὑμετέρας
1048 2759 1208 2852 ἀνδρείας
1221 2790 1255 2832 τε

299 2867 356 2933 καὶ
369 2872 524 2944 πίστεως·
540 2864 581 2933 οὐ
595 2866 658 2955 γάρ
674 2868 751 2955 περὶ
764 2864 855 2956 ὅρων
867 2873 928 2955 γής
940 2864 1020 2937 οὐδὲ
1034 2870 1185 2957 ῥείθρων
1194 2892 1255 2935 πο-

299 2974 412 3055 ταμῶν
426 2963 447 3055 ή
464 2975 668 3056 φιλονεικία,
684 2969 761 3057 περὶ
773 2976 834 3038 τοῦ
848 2968 969 3050 παντὸς
982 2972 1037 3058 δέ,
1051 2967 1136 3058 πρὸς
1149 2970 1255 3057 μέγαν

201 3097 203 3100 ·
300 3071 453 3159 βασιλέα,
479 3066 563 3158 ὑπὲρ
585 3076 716 3139 παίδων
738 3073 794 3139 καὶ
820 3079 1011 3161 συγγενῶν,
1038 3068 1098 3152 οὒς
1129 3075 1289 3153 έκεῖνοςω

270 3189 286 3244 7
301 3170 424 3253 άδίκως
437 3174 492 3241 καλ
506 3169 595 3262 παρά
608 3171 685 3253 τοὺς
699 3170 821 3263 ὅρκους
834 3185 936 3245 οἴεται
952 3171 1152 3266 ἆνηρήσθαι.
1167 3175 1209 3244 τά
1222 3202 1256 3244 τε

300 3265 363 3344 οὖν
378 3271 463 3344 όπλα
477 3275 715 3364 λαμβάνωμεν,
732 3278 789 3346 καὶ
802 3285 841 3369 τή
855 3279 998 3367 συνήθει
1012 3276 1183 3367 Ῥωμαίοις
1198 3274 1255 3348 εό-

300 3385 420 3469 κοσμίηι
443 3376 645 3467 τοῖττοίμεθα.
685 3383 722 3449 ἐν
745 3379 809 3471 γάρ
830 3397 900 3463 ταῖς
920 3382 1119 3470 παρατάξεσι
1135 3379 1174 3451 τὸ
1196 3380 1256 3471 μέν

299 3488 367 3550 τάν
404 3481 585 3571 βαρβάρων
615 3479 757 3553 άτακτον
791 3493 921 3574 πλῆθος
953 3486 1009 3556 καὶ
1044 3492 1256 3575 προσκαίρως

298 3580 525 3673 ἠθροισμένον
551 3582 633 3654 αὐτὸ
654 3588 760 3680 ἑαυτῷ
781 3598 861 3670 ίσως
879 3585 999 3677 γένοιτ’
1021 3583 1064 3658 άν
1083 3591 1254 3658 ἐναντίον·
1269 3610 1291 3653 ιι

298 3686 335 3756 τὸ
352 3684 384 3757 δ’
400 3684 561 3779 ὑμέτερον
583 3685 742 3760 εὔτακτόν
760 3686 849 3761 τεόν
861 3694 918 3761 καὶ
932 3694 1254 3782 συγκεκροτημένον,

279 3789 378 3873 μετά
392 3818 430 3862 τε
451 3794 627 3886 ἐμπειρίας
651 3793 858 3886 μαχόμενον,
875 3790 956 3882 ὑμῖν
981 3821 1017 3865 τε
1035 3801 1127 3864 ἔσται
1147 3793 1256 3883 σωτή-
