3134 4367
375 424 413 489 18
728 420 981 481 οαοτιυιεον

373 593 641 688 ἀνεπιτηδεύτως
654 594 719 689 ήδη
732 601 984 691 ἐρρυθμισμένη
997 606 1040 693 τῇ
1057 604 1145 693 χειρὶ
1159 599 1204 675 δι’
1219 600 1328 693 ὀξύτη,
1363 623 1367 696 j

374 730 430 783 τος
442 704 705 792 μεταφέρουσιν,
727 699 794 792 ὅπη
808 730 844 771 τε
857 703 1038 792 βούλονται
1051 713 1261 797 παραθλίψαι
1271 711 1316 795 της
1364 749 1367 787 1

316 796 322 805 ’
375 803 547 893 ἀναπνοῆς
563 806 620 875 καὶ
637 801 766 887 ἀνοῖξαι
779 807 837 875 καί
849 813 1044 897 παραψήλαι
1058 815 1197 900 χορδῆς·
1217 813 1317 879 τούτου
1366 855 1367 887 ι

377 908 485 998 δήπου
498 906 687 997 τόυτρόπον
701 913 737 978 οί
744 906 807 997 μὲν
815 904 999 998 ἀσυνήθεις
1011 913 1068 982 καὶ
1085 910 1264 1001 ἀνάσκητοι
1274 916 1319 999 τής

375 1011 498 1096 τάξεως
519 1008 576 1094 βιά
596 1007 743 1100 ταράχου
764 1016 892 1080 πολλοῦ
909 1010 1005 1102 μόλις
1024 1012 1180 1105 ἀλλήλων
1195 1021 1319 1138 διαμαρ·

376 1114 534 1193 τάνοντες
556 1112 859 1202 ἐγκατατάσσονται
878 1113 988 1185 πολύν
1006 1114 1307 1243 ἀγαλίσκοντεςό
1258 1145 1319 1207 χρο-

376 1244 459 1343 νογ,
483 1221 519 1285 οί
542 1215 581 1285 δὲ
603 1218 905 1306 συγκεκροτημένοι
926 1217 1038 1289 δάι’
996 1246 1138 1309 ταχους,
1166 1217 1211 1302 ὡς
1230 1228 1365 1291 είπελν
1363 1273 1367 1340 Q

377 1318 572 1409 αὐτόματοι,
593 1321 754 1407 φέρονται
768 1316 852 1408 πρὸς
864 1318 926 1409 τήν
937 1321 1032 1407 τάξιν
1044 1323 1248 1416 ίναρμόνιόν
1261 1349 1322 1393 τινα
1363 1343 1367 1416 Q

377 1453 433 1493 και
422 1420 554 1510 καλήν
567 1419 836 1511 ἐκπληρούντες’
825 1420 915 1505 όψιν.
1355 1385 1367 1538 Q

454 1536 483 1595 4.
509 1524 580 1594 εἶτα
608 1523 731 1600 διελών
757 1522 798 1595 τά
825 1522 1054 1615 στρατεύματα
1074 1525 1160 1617 πρὸς
1178 1525 1325 1617 ἀλλήλους
1361 1531 1367 1552 ’“

378 1626 526 1721 ἀσιδήρῳ
542 1625 631 1718 μάχη
650 1630 822 1716 σνναγίτω
836 1627 1009 1718 νάρθηκας
1021 1625 1045 1719 ή
1057 1629 1228 1722 στύρακας
1240 1630 1325 1701 ἀκον-

378 1740 460 1802 τίων
480 1729 678 1819 ἀναδιδούς,
702 1737 732 1801 εί
756 1733 797 1801 δέ
814 1759 890 1802 τινα
911 1732 968 1801 καὶ
981 1735 1226 1825 βεβωλασμένα
1240 1738 1326 1804 πεδία

379 1846 451 1923 εἴη,
466 1833 598 1958 βόλους
610 1862 646 1904 τε
666 1832 765 1904 κελε
728 1860 816 1903 νων
839 1844 994 1922 αἴροντας
1008 1834 1200 1924 βάλλειν”
1179 1863 1285 1908 οντων
1297 1835 1327 1905 δὲ

379 1939 465 2007 καὶ
449 1936 599 2023 ιμάντων
611 1943 777 2025 ταυρείων
790 1935 949 2061 χρήσθων
964 1935 1074 2007 ἐπὶ
1035 1965 1102 2063 την
1121 1938 1250 2031 μάχην
1268 1944 1367 2050 δεί-ἰ

328 2060 361 2111 47
379 2044 436 2122 ξας
450 2034 484 2105 δ’
498 2034 611 2117 αύτοῑς
624 2040 681 2108 καὶ
694 2037 821 2125 λοφους
833 2069 854 2128 η
841 2035 1050 2127 ’βουνούς
1028 2069 1049 2129 η
1062 2038 1206 2130 ὀρθίους
1219 2029 1367 2121 τόπους

379 2139 542 2210 κελευέτω
562 2139 628 2209 σύν
647 2140 761 2265 δρόμῳ
782 2141 1118 2263 καταλαμβάνεσθαι·
1138 2145 1220 2216 ποτε
1234 2146 1269 2216 δὲ
1282 2144 1367 2249 καὶ

379 2241 557 2369 ἐπιστήσας
570 2239 624 2313 ἐπ’
639 2240 753 2313 αύτων
768 2269 862 2324 τινας
881 2272 949 2315 των
961 2254 1176 2335 στρατιωτων
1189 2244 1277 2319 κάλ’
1259 2274 1329 2317 ανα-

301 2401 305 2408 .
380 2344 505 2427 δούς“
482 2376 504 2415 α
523 2350 632 2439 μικρῷ
651 2345 804 2437 πρόσθεν
829 2354 916 2435 ἔφην
941 2345 1046 2435 ὅπλα,
1073 2347 1217 2432 τούτους
1241 2349 1367 2440 §xpa-

379 2454 520 2530 λούντας
534 2452 667 2541 ἑτέρους
681 2451 874 2539 ἐκπεμπέτω
886 2470 894 2486 ·
914 2451 971 2521 καί
984 2449 1057 2540 ήτοι
1070 2450 1150 2533 τούς
1162 2459 1331 2544 μείναντας
1365 2499 1367 2514 ι

380 2556 556 2624 ἐπαινείτω
570 2554 627 2623 καὶ
638 2551 683 2643 μή
694 2550 896 2633 ἐκπεσόντας
907 2549 929 2643 ή
942 2551 1020 2634 τούς
1032 2555 1247 2643 ἐκβαλόντας.
1260 2565 1287 2626 5.
1299 2558 1331 2625 ἐκ
1365 2547 1367 2556 ’

379 2656 444 2745 γάρ
462 2660 520 2744 τής
546 2656 700 2744 τοιαύτης
719 2653 890 2745 ἀσκήσεως
909 2657 966 2726 καὶ
984 2664 1174 2745 γυμνασίας
1197 2655 1332 2749 ὑγιαίνει

379 2760 443 2849 μὲν
462 2758 499 2828 τὸ
521 2760 729 2849 στράτευμα,
749 2765 820 2829 πᾶν
838 2754 874 2826 δ’
891 2756 911 2828 ὅ
930 2788 962 2829 τι
975 2750 1038 2829 οὖν
1051 2757 1151 2847 ήδιον
1164 2766 1273 2840 ἐσθίει
1284 2762 1332 2830 καὶ

380 2869 488 2948 πίνει,
502 2858 568 2940 κάν
581 2860 675 2932 λιτὸν
686 2890 726 2984 γ,
739 2864 1046 2995 πολυτελέστερον
1033 2857 1142 2933 οὐδέν
1155 2864 1331 2955 ἑπιζητούυ·

264 3144 268 3151 ,
379 3069 470 3138 ἐστὶν
489 3070 544 3139 καὶ
557 3066 666 3159 γλυκύ
680 3074 807 3159 κρᾶμα,
825 3073 875 3130 καὶ
890 3065 1089 3156 στερρότερά
1102 3095 1139 3139 τε
1152 3067 1195 3140 τά
1209 3064 1332 3161 σοι’μιιτό

327 3189 362 3239 48
379 3191 475 3258 σφισι
488 3179 638 3261 γίγνεται
651 3169 743 3242 καὶ”
721 3200 870 3261 ακμητα,
886 3171 943 3241 καὶ
953 3178 1170 3255 συνεθίζεται
1181 3190 1252 3255 τοῖς
1264 3174 1317 3263 μέλ
1318 3212 1330 3223 -

379 3282 476 3342 λουσι
497 3279 638 3361 δεινοῖς,
660 3278 776 3365 λδρωτι
798 3276 854 3344 καλ
875 3273 1040 3363 πνεύματι
1052 3272 1138 3343 κάλ’
1123 3271 1334 3367 ἀσθματικαλ

378 3374 579 3447 θάλπεσιν’
559 3376 749 3459 ασκιάστοις
757 3377 814 3448 καλ
827 3394 968 3468 κρυμοῖς
981 3373 1194 3510 ύπαλδροις’
1174 3405 1333 3469 εγγνμνα-

378 3478 508 3655 W?
510 3588 749 3674 παραπλησίως
772 3581 810 3651 δέ
837 3583 1028 3671 γυμναζίτω
1055 3579 1173 3652 καὶ
1139 3610 1178 3654 το
1205 3580 1335 3655 cumn&

364 3685 514 3780 όμίλλοις
529 3687 739 3782 ποιούμενος
753 3689 813 3758 καὶ
830 3684 1006 3772 δτύυγματα
1017 3684 1076 3748 καλ
1091 3684 1341 3800 ουρπὶοηὶςκιλ

352 3793 649 3895 ἀκροβολισμοὺς
674 3799 716 3870 ἐν
737 3808 815 3873 τοῖς
837 3788 1017 3860 δπιπέδοις
1035 3779 1095 3845 ωδ.
1113 3776 1241 3858 περ
1206 3799 1367 3848 amm
