3134 4367
337 432 396 492 ιιο
707 381 926 512 muron(

335 604 475 694 όχλητόν
493 632 529 673 τε
547 605 604 673 καλ
623 600 819 692 ἀμέριμνον·
838 601 883 692 μὴ
899 608 972 673 δεῖν
991 608 1109 672 τοίνυν
1122 602 1220 684 ξένον
1233 609 1286 688 ζη-

336 725 406 779 τεῖν
419 704 499 797 μηδ’
515 696 705 796 ἀλλότριον,
720 703 805 776 ἀλλά
818 714 863 799 τῷ
878 703 1005 799 ἀνεψιῷ
1024 712 1129 775 ταῦτα
1146 708 1287 792 ἐγχειρί-

305 835 324 889 3
337 834 402 883 σαι.
441 810 691 900 μετονομάζεται
707 807 748 898 δὴ
762 805 780 879 δ
795 805 988 897 Ἀλεξιανός,
1002 812 1059 879 καλ
1074 806 1287 896 Ἀλέξανδρος

334 922 499 1000 καλεῖται,
514 916 742 1003 ταραχθέντος
761 908 852 1005 αύτῷ
873 920 933 982 τοῦ
948 913 1113 1003 παππῴαν
1127 908 1286 999 ὀνόματος

333 1022 367 1101 ἐς
385 1016 422 1086 τό
439 1024 499 1086 τοῦ
515 1016 714 1097 Μακεδόνος
727 1011 771 1098 ὥς
792 1016 882 1086 πάνυ
902 1044 937 1085 τε
957 1014 1095 1098 ἐνδόξου
1113 1016 1170 1083 καλ
1190 1042 1311 1103 τιμη-ι

332 1123 452 1200 θέντος
469 1116 536 1189 ὑπὸ
550 1127 611 1189 τού
631 1125 811 1200 δοκοῦντος
824 1117 947 1208 πατρὸς
966 1116 1165 1206 ἀμφοτέρων
1184 1116 1286 1186 εἶναι·

333 1222 395 1313 τὴν
419 1221 481 1312 γὰρ
503 1220 705 1292 Ἀντωνίνου
728 1229 789 1291 τοῦ
813 1222 969 1310 Σεεήρου
995 1220 1112 1301 παιδὸς
1138 1227 1288 1309 μοιχείαν

332 1326 516 1417 ἀμφότεραι
534 1330 571 1395 αί
586 1332 721 1413 Μαίσης
740 1328 925 1415 θυγατέρες
939 1322 1023 1413 αὐτή
1044 1352 1079 1393 τε
1098 1320 1119 1411 ἡ
1140 1329 1289 1412 πρεσβύ-

333 1460 381 1513 τις
395 1428 592 1516 ἐσεμνύνετο
607 1427 689 1517 πρδς
699 1426 735 1497 τό
749 1428 827 1509 τούς
840 1427 1040 1517 στρατιώτας
1049 1429 1202 1516 στέργειν
1212 1423 1288 1505 τούς

333 1538 469 1620 παῖδας,
484 1530 580 1613 νίοδς
593 1536 725 1601 ἐκείνου
741 1538 924 1613 δοκοῦντας
937 1530 1032 1600 εἶναι.
1302 1553 1321 1593 ιι

300 1663 318 1715 4
435 1632 673 1706 ἀποδείκνυται
688 1634 729 1723 δὴ
742 1643 872 1724 Καίσαρ
888 1631 905 1704 δ
919 1633 1148 1722 Ἀλέξανδρος,
1162 1628 1287 1709 ύπατός

280 1786 298 1811 ι.
309 1766 385 1811 αιτε
404 1736 469 1808 σὺν
482 1736 572 1832 αύτῷ
584 1735 781 1831 Ἁντωνίνφ.
796 1737 971 1809 κατελθοόν
984 1765 1019 1806 τε
1032 1740 1066 1817 ἐς
1075 1733 1136 1825 τὴν
1146 1735 1287 1824 σύγκλη-

331 1867 390 1912 τον
408 1849 511 1911 ταῦτα
532 1841 696 1932 ἐκύρωσε,
718 1841 910 1931 γελοιότατα
931 1842 1175 1929 ψηφισαμένων
1202 1837 1287 1907 πάν-

331 1973 399 2014 των
413 1940 434 2012 ά
447 1944 657 2031 ἐκελεύοντο,
674 1947 799 2033 πατέρα
813 1945 875 2032 μὲν
888 1947 1018 2013 ἐκεῖνον
1031 1949 1145 2022 δοκεῖν
1159 1947 1216 2029 ἐτη
1231 1967 1287 2028 γε-

331 2045 453 2135 γονότα
472 2054 552 2135 περί
566 2072 632 2115 που
646 2048 837 2134 ἑκκαίδεκα,
852 2044 911 2115 τὸν
926 2044 1143 2134 Ἀλέξανδρον
1157 2045 1196 2114 δέ
1210 2042 1287 2113 υίδν
1304 2061 1324 2104 1⁵

329 2157 390 2219 τοῦ
404 2149 595 2219 δωδεκάτου
608 2151 832 2238 ἐπιβαίνοντα.
860 2145 904 2231 ὡς
917 2150 1093 2236 δέΚαῐσαρ
1107 2145 1289 2231 δἈλέξαν-

329 2258 410 2341 δρος
433 2250 636 2340 ἀπεδείχθη,
667 2250 904 2333 δἈυτωυλνος
928 2248 1032 2321 αύτὸν
1061 2252 1220 2340 ἐβούλετο
1249 2247 1289 2319 τά

332 2358 455 2425 ἑαυτοῦ
477 2354 653 2425 παιδεύειν
679 2356 939 2445 ἐπιτηδεύματα,
963 2352 1141 2444 ὀρχεῖσθαί
1168 2382 1205 2424 τε
1232 2354 1289 2422 καλ

330 2458 484 2549 χορεύειν
498 2467 554 2547 τῆς
568 2486 603 2528 τε
618 2458 802 2549 ἱερωσύνης
816 2475 993 2528 κοινωνεῖν
1006 2460 1063 2528 καλ
1076 2458 1218 2547 σχήμασι
1231 2457 1289 2525 καλ

303 2578 320 2629 5
334 2570 443 2654 ἐργοις
457 2559 593 2653 ὁμοίοις.
646 2559 666 2652 ἡ
681 2563 718 2632 δέ
731 2563 836 2653 μήτηρ
855 2559 958 2632 αύτδν
971 2558 1167 2649 ἡΜαμμαία
1178 2557 1287 2648 ἀπῆγε
1303 2582 1325 2624 ν

330 2667 392 2755 μέν
406 2674 474 2736 τῶν
489 2675 636 2754 αἰσχρῶν
649 2669 705 2737 καλ
719 2664 879 2758 ἀπρεπῶν
892 2672 1088 2755 βασιλεῦσιν
1103 2670 1224 2754 ἔργων,
1239 2668 1288 2732 δι-

329 2770 516 2849 δασκάλους
543 2771 581 2840 δέ
607 2772 712 2858 πόσης
736 2776 888 2850 παιδείας
915 2769 1025 2859 λάθρᾳ
1051 2768 1286 2856 μετεπέμπετο,

329 2888 396 2951 τοῖς
409 2899 444 2939 τε
458 2871 630 2959 σώφροσιν
644 2869 749 2942 αύτδν
763 2869 857 2960 ἤσκει
872 2870 1054 2960 μαθήμασι,
1070 2876 1288 2958 παλαίστραις

329 3001 365 3043 τε
387 2975 443 3041 καί
464 2971 600 3060 ἀνδρῶν
619 2981 814 3062 γυμνασίοις
839 2982 960 3061 είθιζε,
983 2980 1139 3043 παιδείαν
1160 3000 1196 3042 τε
1224 2970 1288 3061 τὴν

325 3073 492 3163 Ἑλλήνων
512 3077 568 3144 καὶ
582 3073 751 3164 Ῥωμαίων
769 3080 957 3145 ἐπαίδευεν.
987 3073 1041 3164 ἐφ’
1058 3072 1108 3157 οἷς
1125 3073 1285 3145 Ἀντωνί-
1302 3100 1324 3143 ιι

328 3206 387 3258 νος
405 3177 496 3248 πάνυ
517 3175 676 3267 ἤσχαλλε,
699 3181 756 3248 καλ
775 3188 998 3269 μετεγίνωσκε
1017 3183 1160 3268 θέμενος
1179 3176 1286 3248 αὐτὸν

297 3279 407 3350 θολὸν
419 3283 476 3350 καὶ
489 3281 655 3351 κοινωνὸν
674 3289 731 3370 τῆς
752 3278 863 3371 ἀρχῆς.
892 3282 971 3364 τούς
991 3311 1027 3353 τε
1045 3274 1108 3352 ούν
1122 3282 1286 3352 διδασκά-

328 3392 407 3465 λους
427 3380 532 3453 αύτοῦ
553 3385 677 3466 πάντας
698 3382 854 3474 ἀπεσόβει
883 3393 940 3474 τῆς
966 3394 1141 3477 βασιλείου
1166 3381 1283 3473 πύλης,

326 3486 419 3568 τινάς
431 3515 466 3557 τε
480 3483 593 3557 αὐτῶν
606 3488 683 3571 τούς
697 3486 998 3571 ε’νδοξοτάτουςοδς
1011 3489 1072 3577 μὲν
1085 3486 1282 3559 ἀπέκτεινεν

326 3586 385 3673 οὓς
412 3592 450 3660 δέ
473 3591 721 3680 ἐφυγάδευσεν,
743 3599 849 3673 αἰτίας
870 3590 1080 3681 γελοιοτάτας
1099 3594 1283 3682 ἐπιφέρων,
1300 3614 1324 3657 ω

326 3689 370 3775 ὦς
384 3700 616 3783 διαφθείροιεν
637 3692 727 3788 αύτῷ
743 3694 803 3765 τόν
822 3702 988 3766 δοκοῦντα
1008 3696 1101 3783 υίόυ,
1122 3693 1186 3764 οὐκ
1209 3699 1283 3765 ἐπι-

270 3861 280 3876 ,
317 3799 498 3886 τρέποντες
507 3798 667 3893 χορεύειν
680 3795 702 3891 ἢ
719 3796 958 3892 βακχεύεσθαι,
969 3806 1232 3890 σωφρονιζοντες
1245 3798 1284 3869 δέ
