3134 4367
677 427 896 488 ΠΕΜΠΤΟΝ
987 380 989 383 >
1198 425 1255 486 131

301 605 483 689 βασιλείοις
505 594 570 665 σύν
596 603 635 685 τῆ
662 594 793 687 ἀδελφῆ
816 599 991 686 διέτριβεν.
1035 594 1117 688 ὅπερ
1136 602 1259 670 ἐκείνοι

302 700 526 786 ἀκούσαντες,
550 715 619 780 τοῖς
639 699 898 787 συστρατιώταις
919 696 992 769 κατ’
1017 697 1131 790 ὀλίγον
1150 698 1260 791 ἀπαγ-

301 808 476 894 γέλλοντες
491 802 670 889 διαβόητον
683 806 845 890 ἐποίησαν
857 802 919 892 τῆν
934 803 1064 891 φῆμην,
1082 801 1126 885 ὦς
1146 808 1179 887 ἐς
1193 812 1260 875 πᾶν
1300 888 1302 892 y

300 916 450 997 χωρῆσαι
464 906 500 976 τό
514 906 762 994 στρατιωτικόν.
815 914 854 996 τῆ
870 908 1033 995 δέΜαίση
1048 910 1177 996 ἐλέγετο
1191 931 1260 978 σω·
1279 929 1311 981 11

274 1037 286 1075 ε
302 1010 383 1100 ρούς
402 1010 489 1080 εἶναι
508 1008 704 1097 χρημάτων,
727 1012 861 1097 ἐκείνην
881 1011 919 1079 δὲ
938 1012 1076 1096 ἑτοίμως
1096 1007 1192 1079 πάντ’
1214 1006 1261 1080 ἀν

300 1118 467 1199 προέσθαι
479 1129 548 1192 τοῖς
561 1111 791 1200 στρατιώταις,
807 1119 838 1182 εί
851 1110 913 1210 τῆν
926 1120 1100 1201 βασιλείαν
1114 1120 1160 1205 τῷ
1171 1116 1261 1201 γένει

301 1214 539 1287 ἀνανεύσαιτο.
555 1210 600 1295 ὡς
614 1215 652 1284 δέ
661 1217 846 1285 συνέθεντο
860 1215 1004 1305 νύκτωρ,
1020 1224 1052 1285 εί
1065 1220 1261 1286 κατέλθοιεν

301 1321 480 1406 λαθόντες,
502 1315 650 1399 ἀνοίξειν
669 1317 726 1398 τὰς
749 1317 855 1399 πύλας
874 1321 930 1388 καὶ
953 1321 1109 1401 δέξεσθαι
1130 1326 1197 1388 πᾶν
1223 1318 1260 1389 τό

302 1428 396 1511 γένος
413 1428 513 1492 ἐνδον
527 1424 664 1509 βασιλέα
679 1449 714 1490 τε
728 1423 785 1490 καὶ
799 1419 877 1490 νίὸν
896 1419 1087 1505 ἀποδείξειν
1102 1420 1261 1493 Ἀντωνί-

269 1553 289 1594 ιο
301 1554 380 1612 νου,
397 1529 568 1596 ἐπέδωκεν
586 1522 711 1612 ἑαυτῆν
731 1521 752 1612 ῆ
775 1531 972 1614 πρεσβῦτις,
994 1528 1133 1614 ἑλομένη
1152 1526 1260 1596 πάντα

301 1635 466 1699 κίνδυνον
480 1626 663 1716 ἀναρρῖψαι
678 1624 841 1716 μάλλονῆ
861 1624 1049 1697 ἰδιωτεύειν
1069 1631 1125 1697 καὶ
1146 1635 1259 1699 δοκεῖν

300 1730 530 1822 ἀπερρίφθαι·
550 1730 684 1819 νύκτωρ
701 1758 736 1799 τε
749 1731 862 1821 λάθρᾳ
876 1737 933 1818 τῆς
948 1730 1075 1811 πόλεως
1090 1728 1258 1820 ὑπεξῆλθε

300 1834 365 1904 σύν
387 1851 459 1916 ταῖς
473 1834 662 1922 θυγατράσι
686 1837 831 1915 καὶτοῖς
854 1833 1014 1922 ἐγγόνοις.
1048 1836 1256 1923 καταγαγόν-
1276 1848 1308 1899 12

299 1967 366 2008 των
380 1966 417 2007 τε
431 1935 554 2018 αύτούς
568 1944 636 2005 τῶν
650 1937 920 2025 προσφνγόντων
933 1946 1145 2027 στρατιωτῶν
1158 1940 1258 2027 γενό-

269 2064 286 2103 ιι
300 2069 395 2129 μενοι
410 2038 494 2131 πρὸς
509 2046 555 2131 τῷ
570 2047 669 2127 τείχει
690 2047 749 2110 τοῦ
767 2044 993 2129 στρατοπέδου
1012 2044 1116 2133 ῥᾷστα
1134 2037 1258 2112 ἀπεδέ-

298 2156 445 2234 χθησαν·
461 2142 591 2223 εύθέως
600 2171 635 2212 τε
645 2141 704 2212 τόν
712 2149 815 2213 παῖδα
826 2152 894 2213 πᾶν
903 2141 938 2213 τό
947 2144 1172 2234 στρατόπεδον
1183 2142 1258 2215 Ἀν-

298 2264 442 2317 τωνίνον
468 2246 761 2335 προσηγόρευσαν,
789 2254 829 2337 τῆ
856 2275 892 2316 τε
911 2255 1070 2339 πορφυρᾷ
1092 2248 1259 2337 χλαμύδιι
1271 2274 1306 2309 ²1⁸

299 2350 535 2440 περιβαλόντες
551 2348 640 2436 εἶχον
655 2355 763 2420 ἐνδον.
792 2349 900 2419 πάντα
915 2352 952 2421 δὲ
966 2350 1005 2420 τά
1019 2352 1186 2439 ἐπιτήδεια
1201 2353 1258 2420 καλ

299 2461 420 2535 παῖδας
434 2455 490 2523 καὶ
501 2469 672 2541 γυναῖκας,
688 2449 749 2522 ὅσοι
764 2481 800 2521 τε
814 2453 903 2541 εἶχον
918 2458 954 2522 ἐν
967 2453 1093 2541 κόμαις
1106 2449 1128 2541 ῆ
1142 2451 1257 2542 ἀγροῖς

262 2580 284 2620 ιι
300 2573 368 2638 τοῖς
382 2563 543 2645 πλησίον,
560 2562 823 2643 εἰσκομίσαντες,
841 2556 898 2636 τάς
917 2583 952 2624 τε
973 2556 1081 2634 πύλας
1101 2553 1257 2624 ἀποκλεί-

295 2682 431 2746 σαντες,
452 2658 699 2748 παρεσκεύαζον
720 2660 860 2740 ἕαντούς
882 2654 942 2745 ὡς,
972 2665 1003 2727 εί
1022 2661 1108 2744 δέοι,
1130 2653 1256 2745 ύπομε-

295 2771 435 2843 νούντες
448 2767 654 2847 πολιορκίαν.

398 2862 442 2945 ὡς
456 2866 493 2934 δὲ
507 2873 610 2933 ταῦτα
628 2860 804 2952 ἀπηγγέλη
820 2870 865 2955 τῷ
883 2869 1051 2954 Μακρίνω
1072 2865 1108 2931 ἐν
1127 2858 1284 2932 'Amo-4

294 2974 368 3059 χείμ
383 2974 606 3056 διατρίβοντι,
622 2964 644 3055 ῆ
657 2995 692 3036 τε
706 2966 800 3056 φῆμη
820 2969 999 3053 διέδραμεν
1019 2962 1082 3035 ἀνὰ
1096 2964 1136 3035 τά
1154 2965 1254 3036 λοιπά

255 3103 280 3141 ιι
297 3072 506 3158 στρατόπεδα
520 3067 571 3139 ότι
585 3098 619 3139 τε
636 3068 838 3140 Ἀντωνίνον
858 3067 931 3149 νίός
952 3065 1077 3159 εὑρέθη
1092 3072 1149 3139 καὶ
1166 3066 1252 3158 ότιῆ

291 3169 432 3255 Ἰονλίας
448 3171 576 3262 ἀδελῳῆ
590 3175 738 3263 χρήματα
757 3180 894 3260 δίδωσι,
910 3171 1016 3242 πάντα
1031 3170 1072 3242 τά
1091 3173 1253 3263 λεγόμενα

296 3280 354 3347 καὶ
380 3278 583 3366 ἐνδεχόμενα
607 3281 663 3347 καὶ
684 3274 796 3366 ἀληθῆ
824 3271 1060 3357 πιστεύσαντες
1083 3276 1169 3347 εἶναι
1195 3275 1252 3358 τάς

294 3378 404 3469 ψυχὰς
418 3381 623 3469 ἐξεπτόηντο.
675 3384 774 3468 ἐνῆγε
795 3377 827 3450 δ’
850 3376 973 3459 αύτούς
995 3381 1051 3448 καὶ
1071 3375 1282 3452 ἀνέπειθεν2

295 3486 327 3565 ἐς
341 3484 547 3573 πραγμάτων
560 3490 776 3570 καινοτομίαν
790 3484 827 3553 τό
841 3511 876 3551 τε
890 3489 1072 3571 Μακρίνον
1085 3500 1179 3572 μῖσος
1196 3486 1253 3553 καὶ

254 3607 279 3647 ³⁰
295 3586 331 3657 τό
348 3584 552 3657 Ἀντωνίνον
566 3594 623 3675 τῆς
636 3585 765 3674 μνήμης
778 3583 904 3669 πάθος,
925 3586 981 3653 καὶ
1000 3585 1065 3675 πρό
1086 3615 1124 3675 γε
1145 3584 1252 3657 ἀπάν-

295 3719 363 3760 των
378 3688 399 3779 ῆ
414 3698 484 3759 τῶν
496 3691 674 3781 χρημάτων
688 3692 797 3774 ἐλπίς,
813 3685 857 3769 τός
871 3686 1014 3767 πολλούς
1028 3692 1084 3757 καὶ
1106 3686 1250 3773 αὐτομο-

294 3802 439 3875 λοῦντας
456 3802 577 3883 φοιτᾶν
595 3792 678 3886 πρός
692 3791 751 3863 τόν
763 3794 843 3865 νέον
858 3788 1079 3865 Ἀντωνῖνον.
1094 3788 1115 3861 ‘o
1128 3791 1171 3859 δῖ
1181 3797 1266 3857 Μα-

1074 3907 1126 3967 σε

1370 1804 1375 1835 λ
