3134 4367
370 444 410 507 82
773 447 927 507 TPITON

334 707 337 717 Ι
371 620 526 709 Σεεήρου
544 614 822 708 ἐπερρώσθησαν,
842 618 901 687 τόν
914 644 951 686 τε
962 623 1117 705 Σευῆρον
1137 622 1197 686 τοῦ
1218 620 1327 687 ἵππον

340 728 573 813 δέπεβίβασαν
592 723 648 790 καί
668 719 730 810 τήν
746 720 898 809 χλαμύδα
913 723 1130 810 περιέθεσαν·
1149 725 1185 789 οί
1206 719 1245 789 δὲ
1262 727 1326 790 τού

367 824 521 915 Ἀλβίνου
541 824 685 914 οίόμευοι
705 821 770 913 ήδη
789 826 1017 911 νενικηκέναι,
1037 824 1093 892 καί
1112 819 1324 911 άτακτότεροι

370 926 566 1020 εύρεθέντες
584 932 761 1015 αἰφνιδίως
789 923 901 1008 αὐτοῖς
925 925 1143 1014 ἐπιπεσούσης
1167 932 1325 1015 γενναίας

368 1035 425 1103 καί
443 1030 484 1102 ού
503 1033 796 1121 προηγωνισμεύης
811 1030 1001 1119 δυνάμεως,
1023 1026 1075 1098 ἐπ’
1098 1026 1213 1119 ὀλίγον
1230 1026 1353 1099 ἀντι-ο

368 1136 502 1225 σχόντες
513 1135 619 1221 εἶξαν,
630 1141 752 1222 τροπής
766 1161 802 1203 τε
815 1140 976 1222 καρτεράς
989 1135 1169 1221 γενομένης
1182 1136 1324 1216 ἐδίωξαν

369 1236 493 1321 αύτούς
508 1236 708 1326 φονεύοντες
722 1242 758 1307 οί
768 1236 939 1327 Σεοήρου,
957 1239 1069 1324 μέχρις
1082 1227 1123 1305 ού
1136 1240 1170 1317 ές
1183 1234 1246 1325 τήν
1261 1236 1323 1307 πό-

367 1352 423 1411 λιν
443 1335 629 1430 ἐσέβαλον(
651 1339 687 1409 τὸ
714 1340 775 1429 μέν
796 1331 860 1410 ούν
881 1345 1010 1427 πλήθος
1027 1345 1094 1407 τών
1113 1341 1323 1428 ἑκατέρωθεν

368 1442 587 1536 ἀνῃρημένων
609 1439 631 1532 ή
652 1440 818 1530 ἁλόντων,
840 1438 884 1524 ώς
909 1446 1044 1522 ἕκαστος
1064 1442 1236 1532 ἐβουλήθη
1256 1448 1323 1511 τών

338 1564 354 1619 7
370 1549 443 1618 τότε
461 1547 743 1637 συγγραψάντων,
762 1546 950 1635 ἱστόρησεν·
979 1550 1013 1614 οἱ
1033 1545 1070 1613 δέ
1090 1553 1151 1614 τοῦ
1166 1546 1322 1633 Σεοήρου
1338 1566 1359 1605 ¹⁰

367 1652 428 1740 τήν
448 1680 483 1721 τε
502 1651 722 1739 Λούγδουνον
746 1649 988 1737 διαρπάσαντες
1007 1649 1062 1717 καί
1087 1649 1321 1737 ἐμπρήσαντες,

367 1755 425 1824 τόν
445 1783 480 1824 τε
501 1752 654 1844 Ἀλβῖνον
674 1754 898 1841 συλλαβόντες
918 1753 974 1821 καί
997 1757 1056 1839 τής
1072 1758 1220 1840 κεφαλῆς
1238 1749 1323 1839 ἀφε-

366 1857 497 1944 λόντες,
519 1865 713 1945 κομίσαντες
726 1853 835 1943 αύτήν
854 1862 898 1947 τῷ
921 1855 1063 1946 Σεοήρμ
1078 1852 1176 1924 δισσά
1189 1857 1246 1925 καί
1264 1856 1322 1943 μέ-

367 1985 461 2046 γιστα
480 1956 620 2050 ἤγειραν
633 1959 792 2049 τρόπαια,
808 1956 845 2027 τὸ
860 1958 921 2046 μὲν
935 1961 971 2026 έν
991 1954 1135 2047 ἀνατολῇ
1149 1955 1186 2027 τὸ
1209 1955 1241 2028 δ’
1260 1954 1319 2027 ὑπ’

367 2059 493 2155 ἄρκτῳ,
509 2058 553 2144 ώς
566 2061 671 2151 μηδὲν
684 2077 755 2142 ταῖς
762 2059 919 2150 Σεεήρου
931 2056 1078 2149 μάχαιςή
1090 2066 1200 2140 νίκαις
1213 2087 1321 2148 παρα·
1337 2084 1355 2126 ιι

366 2164 550 2255 βάλλεσθαι
569 2165 649 2254 μήτε
669 2164 792 2252 πλήθει
808 2163 981 2252 δυνάμεως
1001 2163 1082 2252 μήτε
1100 2168 1213 2233 έθνών
1227 2164 1322 2253 κινή-

367 2288 461 2338 σεσιν
474 2266 608 2361 ἀριθμῷ
623 2294 658 2336 τε
671 2267 886 2357 παρατάξεων
900 2263 1091 2356 ὁδοιπορίας
1106 2294 1141 2335 τε
1153 2267 1252 2356 μήκει
1268 2270 1322 2337 καί

339 2370 469 2459 8τάχει.
496 2372 635 2459 μεγάλαι
656 2371 717 2458 μέν
732 2369 796 2460 γὰρ
817 2371 873 2439 καί
895 2375 934 2439 αί
950 2376 1118 2458 Καίσαρος
1131 2368 1214 2459 πρός
1227 2379 1321 2460 Πομ-

367 2471 468 2564 πήιου
482 2477 691 2562 ἑκατέρωθεν
700 2476 934 2563 στρατοπέδων
942 2469 1132 2561 Ῥωμαϊκῶν
1145 2474 1256 2562 μάχαι,
1267 2476 1321 2543 καὶ

367 2571 412 2648 αύ
429 2586 489 2648 τού
509 2582 683 2668 Σεβαστοῦ
705 2576 789 2665 πρὸς
803 2573 981 2646 ’Λντώνιον
1000 2572 1022 2665 ή
1040 2575 1119 2657 τούς
1138 2585 1319 2666 Πομπηίου
1334 2596 1356 2635 2⁰

367 2688 504 2770 παῖδας,
524 2692 558 2751 εί
567 2684 605 2751 τέ
619 2710 650 2750 τι
665 2681 829 2771 πρότερον
845 2680 963 2771 Σύλλᾳ
980 2675 1139 2772 ήΜαρίρι
1159 2683 1196 2749 ε’ν
1211 2684 1320 2770 ἐμφυ-

367 2793 451 2865 λίοις
465 2789 521 2854 καί
530 2782 721 2873 Ῥωμαϊκαῖς
733 2784 850 2872 μάχαις
870 2779 1017 2871 ήάλλοις
1038 2785 1239 2872 πέπρακται·
1263 2788 1320 2853 ἕνα

369 2889 405 2957 δὲ
420 2885 526 2976 ἀνδρα
544 2904 632 2975 τρεῖς
645 2886 832 2955 καθελόντα
845 2888 999 2974 βασιλέας
1020 2881 1083 2973 ήδη
1104 2894 1320 2977 κρατοῦντας,

368 2992 424 3060 καὶ
450 2997 509 3058 τοῦ
535 2990 597 3077 μέν
616 2991 653 3058 έν
668 2985 772 3078 Ῥώμη
799 2995 942 3076 στρατοῦ
963 2995 1065 3080 σοφίηι
1084 2993 1319 3078 περιγενέσθαι

369 3095 425 3162 καί
439 3090 497 3161 τόν
511 3088 592 3161 όυτα
605 3094 642 3160 έν
661 3097 700 3181 τῇ
715 3098 872 3182 βασιλείῳ
892 3088 978 3182 αύλή
994 3095 1242 3183 καθῃρηκέναι,
1261 3092 1318 3164 τόν
1333 3115 1354 3157 ιι

370 3195 407 3264 δέ
420 3202 489 3265 τών
503 3198 540 3264 έν
553 3200 592 3284 τῇ
606 3191 749 3284 ἀνατολῇ
763 3200 949 3284 κρατοῦντα
962 3194 1063 3264 πάλαι
1084 3197 1140 3265 καί
1161 3193 1227 3267 ύπό
1243 3194 1320 3267 Ῥω·

368 3304 477 3387 μαίων
499 3300 636 3386 βασιλέα
661 3300 844 3385 κληθέντα,
862 3294 921 3366 τὸν
939 3298 975 3367 δέ
999 3302 1035 3367 έν
1057 3306 1225 3389 Καίσαρος
1244 3307 1320 3391 τιμή

368 3403 425 3470 καί
452 3402 585 3492 ἐξουσία
610 3400 769 3489 γεγονότα
797 3398 1043 3491 χειρωσάμενον
1070 3398 1229 3495 ἀνδρεία,
1258 3400 1319 3474 ούκ

370 3511 460 3574 ἔστιν
476 3500 578 3573 ἀλλον
593 3507 716 3597 ῥηιδίως
731 3510 845 3573 εἰπεῖν.

470 3610 556 3677 τέλει
569 3608 630 3695 μὲν
644 3604 685 3697 δή
700 3605 839 3700 τοιούτω
854 3602 872 3677 ό
887 3603 1036 3697 Ἀλβῖνος
1048 3606 1223 3696 ἐχρήσατο,
1238 3604 1318 3698 πρὸς
1333 3635 1356 3676 ω

337 3708 486 3800 8όλίγον
512 3707 702 3793 ἀπολαύσας
728 3707 889 3801 όλεθρίον
914 3717 1024 3800 τιμῆς·
1061 3706 1079 3780 ὁ
1105 3711 1143 3780 δὲ
1169 3718 1319 3801 Σεεήρος

269 3809 293 3891 Ι
348 3820 463 3905 θνμώ
477 3816 537 3885 καί
561 3810 649 3909 όργή
670 3810 802 3899 εύθέως
826 3812 909 3907 πρὸς
925 3811 1004 3894 τοὺς
1022 3814 1057 3881 ἐν
1076 3809 1182 3903 Ῥώμη
1201 3821 1319 3902 φίλους
