3134 4367
707 431 860 491 TPITON
1212 433 1251 493 77

301 596 427 693 αότῶὸ
445 597 593 690 Ἀλβῖνος
606 603 786 690 ἐνομίζετο·
808 608 856 671 ἐτι
876 628 912 671 τε
931 604 987 671 καὶ
1004 598 1126 691 ήκουεν
1147 600 1251 675 αὐτόν

300 703 562 795 βασιλικῶτερον
586 706 804 794 ἐντρυφῶντα
831 711 877 797 τῶ
903 710 964 773 τοῦ
983 712 1150 796 Καίσαρος
1173 704 1251 779 ὀνό-

300 837 395 899 ματι,
419 803 563 888 πολλούς
576 833 629 892 τε,
643 808 783 895 μάλιστα
804 806 883 889 τοὺς
903 808 1070 896 ἐξέχοντας
1089 817 1146 899 τής
1166 833 1249 901 συγ-

299 912 426 1000 κλήτου
439 916 580 999 βουλής,
595 915 664 1003 ίδίμ
684 913 740 981 καί
754 911 908 1000 κρύβδην
927 911 1174 994 ἐπιστέλλοντος
1187 912 1251 985 αό-

270 1023 363 1109 ιτῶ,
378 1021 413 1095 ἐς
429 1040 466 1082 τε
485 1010 546 1101 τήν
559 1008 684 1102 Ῥῶμην
704 1018 818 1084 ἐλθεῖν
838 1021 1017 1095 πείθοντας
1037 1010 1178 1095 ἀπόντος
1195 1020 1251 1085 καὶ

299 1115 548 1211 ἀσχολουμένου
561 1122 622 1185 τοῦ
636 1117 802 1206 Σεοήρον.
841 1112 987 1207 ᾑροῦντο
1007 1116 1071 1207 γάρ
1094 1123 1130 1186 οί
1147 1114 1252 1188 εόπα-

298 1227 411 1312 τρίδαι
425 1224 554 1289 ἐκεῖνον
566 1225 691 1307 μᾶλλον
705 1218 867 1310 ἀρχοντα,
888 1216 945 1290 ἅτε
964 1223 1001 1290 ἐκ
1022 1220 1199 1310 προγόνων
1213 1212 1252 1291 εὖ

298 1321 462 1413 γεγονότα
478 1323 534 1391 καὶ
550 1321 693 1411 χρηστὸν
706 1321 743 1394 τὸ
756 1313 841 1412 ήθος
855 1322 940 1393 εἶναι
953 1322 1144 1412 λεγόμενον.
1168 1320 1251 1413 ἅπερ
1265 1339 1284 1393 3

300 1424 558 1513 πυνθανόμενος
577 1420 595 1496 ό
616 1432 760 1518 Σωτῆρος
780 1424 932 1516 φανερὰν
950 1426 1012 1514 μὲν
1037 1423 1145 1508 εόθδς
1170 1425 1253 1516 πρός

260 1550 285 1591 ¹⁰
301 1526 407 1599 αὐτὸν
433 1535 561 1618 ἔχθραν
586 1524 733 1619 ἅρασθαι
758 1531 816 1599 καλ
848 1528 994 1616 πόλεμον
1019 1533 1145 1620 ἐγεῖραι
1170 1528 1253 1619 πρὸς

300 1629 410 1723 ἀνδρα
423 1636 589 1720 μηδεμίαν
603 1629 743 1721 εὔλογον
758 1633 1007 1722 παρεσχημένον
1022 1638 1131 1701 αίτίαν
1144 1659 1253 1723 παρη-

301 1735 437 1824 τήσατο·
456 1737 548 1817 ἔδοξε
561 1735 599 1804 δὲ
611 1732 702 1828 αὐτῷ
718 1732 904 1825 ἀπόπειραν
918 1733 1131 1823 ποιήσασθαι,
1148 1742 1179 1804 εί
1190 1736 1253 1805 δυ’-

300 1866 395 1909 ναιτο
410 1833 704 1907 ἀποσκευάσασθαι
723 1837 841 1908 λαθῶν
854 1840 910 1908 καί
924 1838 1123 1925 ἐξαπατήσας
1138 1834 1252 1909 αὐτόν.

301 1940 595 2030 μεταπεμψάμενος
608 1931 671 2010 οὖν
683 1938 760 2022 τοὺς
774 1941 988 2021 πιστοτάτους
1001 1948 1068 2009 τῶν
1083 1942 1253 2013 εἰωθότων
1266 1963 1284 2015 4

261 2042 341 2115 15τά
364 2041 521 2133 βασιλικὰ
540 2042 713 2132 γράμματα
730 2050 947 2133 διακομίζειν,
963 2049 1103 2114 δίδωσιν
1120 2042 1257 2126 αὐτοῖς..
1269 2074 1304 2109 σε

302 2147 447 2234 ἐντολάς,
456 2153 488 2215 εί
499 2148 649 2234 γένοιντο
662 2144 742 2235 παρ’
759 2144 861 2241 αὐτῷ,
876 2146 916 2217 τά
929 2147 990 2235 μὲν
1003 2146 1177 2237 γράμματα
1192 2155 1254 2237 δη-

301 2257 402 2342 μοσίᾳ
419 2246 622 2337 ἀποδοῦναι,
644 2245 781 2333 ἀξιῶσαι
801 2251 839 2320 δέ
858 2248 962 2320 αὐτὸν
976 2255 1157 2340 ίδιαίτερον
1170 2247 1254 2322 ἀπο-

303 2352 425 2424 στάντα
440 2355 622 2423 ἐπαιιοῦσαι
640 2348 838 2444 ἀπορρήτων
856 2357 1016 2440 ἐντολῶν,
1031 2356 1203 2423 πεισθέντι
1216 2355 1255 2424 δὲ

304 2454 508 2545 δορυφόρων
521 2453 631 2548 ἐρήμῳ
645 2459 813 2527 ἐπιπεσεῖν
826 2458 1067 2545 αίφνιδίωςκαί
1082 2464 1254 2544 φονεῦσαι.

263 2582 289 2624 νο
305 2564 409 2629 ἔδωκε
425 2558 463 2627 δὲ
477 2553 589 2638 αὐτοῖς
601 2560 657 2627 καί
670 2560 851 2648 δηλητήρια
872 2560 1039 2649 φάρμακα,
1060 2555 1150 2638 ὅπως
1163 2554 1255 2637 τινόις
1269 2581 1285 2633 5

304 2669 472 2748 πείσαιεν,
492 2667 524 2729 εί
536 2667 735 2749 δυνηθεῖεν,
749 2657 772 2750 ή
784 2668 852 2730 τῶν
866 2658 1037 2743 ὀψοποιῶν
1056 2655 1078 2747 ή
1091 2667 1159 2728 τῶν
1172 2656 1255 2747 πρὸς

304 2781 374 2847 ταῖς
386 2764 511 2852 κύλιξι,
525 2772 645 2834 λαθεῖν
658 2766 714 2833 καὶ
726 2768 901 2833 ἐπιδοῦναι
915 2760 1015 2857 αὐτῷ.
1046 2758 1255 2831 όποπτευόν-

304 2896 372 2938 των
386 2867 425 2937 δὲ
438 2873 508 2936 τῶν
527 2869 604 2955 περὶ
619 2864 723 2937 αὐτόν
737 2873 864 2955 φίλων,
881 2868 937 2937 καὶ
956 2865 1256 2955 συμβουλευόντων

305 2968 396 3063 αότῶ
415 2971 643 3058 φυλάττεσθαι
662 2967 771 3061 ἀνδρα
789 2968 964 3041 ἀπατεῶνα
982 2969 1089 3059 σοφόν
1112 2997 1148 3038 τε
1174 2967 1256 3058 πρὸς

268 3093 291 3134 25
306 3073 503 3164 ἐπιβουλήν·
520 3074 780 3163 διαβεβλήκεσαν
791 3071 854 3166 γάρ
864 3071 1013 3144 αὐτοῦτὸ
1026 3066 1110 3162 ήθος
1124 3077 1162 3142 αί
1172 3070 1255 3161 πρός
1269 3096 1286 3149 6

305 3175 384 3257 τοὺς
398 3172 563 3265 ἡγεμόνας
581 3184 642 3245 τοῦ
653 3185 788 3265 Νίγρου
805 3179 954 3266 πράξεις·
974 3185 1089 3257 πείσας
1107 3174 1172 3265 γὰρ
1193 3172 1257 3245 αό-

306 3278 384 3362 τοδς
398 3277 456 3348 διὰ
469 3286 537 3348 τῶν
552 3285 698 3369 παίδων,
716 3276 760 3361 ῶς
779 3288 992 3370 προείρηται,
1012 3284 1197 3368 προδοῦναι
1217 3306 1257 3348 τα

306 3390 367 3453 τοῦ
380 3389 516 3471 Νίγρου
531 3381 721 3471 πράγματα,
735 3382 817 3472 μετὰ
831 3382 867 3453 τὸ
882 3382 1132 3472 ἀποχρήσασθαι
1144 3378 1258 3452 αὐτῶν

306 3493 346 3576 τῇ
361 3483 527 3576 ὑπηρεσίᾳ
544 3486 600 3554 καὶ
614 3494 827 3575 κατορθῶσαι
840 3486 947 3557 πάντα
962 3482 983 3555 ἀ
996 3484 1151 3574 ἐβούλετο
1165 3482 1257 3554 ἀνεῖ-

271 3611 293 3653 ν
307 3598 367 3659 λεν
386 3586 509 3669 αὐτούς
530 3615 567 3658 τε
590 3589 646 3658 καί
667 3594 796 3669 παῖδας.
838 3587 875 3658 τό
897 3580 960 3659 οὖν
979 3586 1129 3659 ὕπουλον
1151 3583 1255 3655 αὐτοῦ

306 3682 392 3781 ήθος
405 3692 546 3780 μάλιστα
560 3694 596 3761 ἐκ
615 3697 683 3760 τῶν
697 3699 806 3781 ἔργων
819 3696 992 3780 ε’δηλοῦτο,
1037 3689 1094 3760 διὰ
1112 3694 1216 3758 ταῦτα
1235 3681 1253 3755 ὁ
1270 3702 1286 3759 7

304 3792 455 3884 Ἀλβῖνος
474 3796 530 3863 καὶ
543 3801 678 3887 φρουρᾷ
697 3802 822 3883 μείζονι
839 3801 1005 3891 ἐφραττευ
1023 3790 1159 3863 ἑαυτόν
1185 3784 1275 3856 τῶνδε
