3134 4367
688 436 864 497 ΠΡΩΤΟΝ
1231 436 1250 495 5

296 609 379 699 μήτε
396 604 563 697 Ἑλλήνων
589 603 849 677 ἀπολείπεσθαι·
879 613 973 697 δηλοῖ
999 610 1035 679 δέ
1061 604 1121 679 ὅσα
1141 611 1198 679 καὶ
1218 610 1253 690 ές

295 708 382 801 ἡμᾶς
410 703 518 801 ἦλθεν
545 707 567 802 ἦ
595 713 758 798 λεχθέντα
784 708 867 798 πρὸς
893 708 997 782 αὐτοῦ
1021 707 1042 801 ἢ
1069 714 1249 802 γραφέντα.

296 831 435 904 παρεῖχε
448 816 485 885 δὲ
498 818 555 885 καί
568 831 637 895 τοῖς
646 810 840 904 ἀρχομένοις
849 813 968 885 ἑαυτὸν
982 818 1108 906 ἐπιεικῆ
1121 818 1177 886 καὶ
1189 817 1247 905 μέ-
1262 828 1281 881 4

296 946 392 1008 τριον
411 921 566 1006 βασιλέα,
587 916 665 998 τοός
683 944 719 986 τε
733 916 931 1006 προσιόντας
952 918 1170 1008 δεξιούμενος,
1183 946 1249 990 κω·

265 1053 280 1093 ⁵
298 1023 392 1091 λύων
405 1050 442 1091 τε
454 1020 532 1103 τούς
546 1022 622 1112 περὶ
636 1016 739 1090 αὐτόν
753 1021 965 1111 δορυφόρους
983 1018 1162 1110 ἀποσοβεῖν
1174 1020 1252 1103 τοὺς

296 1125 569 1213 ἐντυγχάνοντας.
610 1123 710 1213 μόνος
732 1152 768 1194 τε
790 1128 957 1212 βασιλέων
984 1132 1187 1215 φιλοσοφίαν
1210 1122 1252 1195 οὐ

295 1230 408 1315 λόγοις
429 1226 509 1299 οὐδὲ
530 1228 706 1317 δογμάτων
728 1226 889 1315 γνόσεσι,
910 1235 1021 1322 σεμνῷ
1042 1226 1074 1299 δ’
1096 1225 1175 1318 ἤθει
1195 1230 1253 1298 καὶ

295 1332 448 1420 σοι’φρονι
467 1339 531 1426 βίφ
553 1329 766 1402 έπιστόσατο.
804 1331 892 1401 πολό
909 1360 945 1403 τε
965 1338 1095 1422 πλῆθος
1115 1328 1253 1421 ἀνδροῖν

296 1440 414 1523 σοφῶν
429 1433 550 1525 ἤνεγκε
562 1441 630 1505 τῶν
643 1439 777 1504 ἐκείνου
791 1440 919 1522 καιρῶν
932 1432 952 1526 ἡ
965 1437 1068 1526 φορά·
1084 1445 1177 1525 φιλεῖ
1189 1432 1253 1525 γάρ

254 1564 279 1603 ¹⁰
296 1567 368 1618 πως
387 1535 440 1609 ἀεί
459 1538 496 1609 τό
517 1533 667 1629 ὑπήκοον
688 1537 772 1631 ζήλῳ
787 1543 844 1627 τῆς
862 1544 924 1607 τοῦ
944 1536 1101 1629 ἀρχοντος
1119 1537 1253 1629 γνώμης

295 1647 406 1732 βιοῦν.

398 1742 459 1814 ὅσα
491 1745 555 1835 μὲν
579 1735 649 1814 ὀὖν
674 1747 793 1835 έκείνφ
819 1744 1005 1832 πέπρακται
1029 1740 1168 1834 ἀνδρεῖα
1197 1746 1282 1814 καὶὸ

296 1848 474 1935 σώφρονα,
501 1845 725 1938 στρατηγικὴν
744 1839 766 1935 ἦ
787 1844 962 1936 πολιτικὴν
983 1844 1105 1937 ἀρετὴν
1125 1855 1252 1936 ἔχοντα,

295 1950 379 2042 πρός
390 1980 426 2021 τε
440 1949 518 2032 τούς
531 1949 571 2021 τά
584 1948 717 2044 ἀρκτῷα
730 1954 789 2039 τῆς
801 1954 862 2038 γῆς
874 1956 960 2038 έθνη
973 1950 1127 2042 βάρβαρα
1139 1979 1251 2023 κατοι-

253 2083 279 2123 15
297 2059 440 2135 κοῦντας
454 2055 536 2144 πρός
549 2082 585 2123 τε
598 2052 676 2135 τούς
688 2050 755 2124 ὑπὸ
765 2068 837 2133 ταῖς
846 2050 1021 2134 ἀνατολαῖς
1034 2057 1254 2144 ποιουμένους

294 2157 354 2228 τὸν
372 2166 467 2247 βίον,
481 2168 616 2238 πολλοῖς
635 2160 691 2227 καί
704 2172 821 2246 σοφοῖς
835 2153 976 2248 ἀνδράσι
989 2160 1252 2250 συγγέγραπται·

295 2259 376 2333 ἀδέ
403 2260 485 2351 μετά
505 2261 567 2352 την
592 2261 739 2352 Μάρκου
758 2257 921 2352 τελευτὴν
946 2258 1036 2352 παρὰ
1061 2260 1169 2332 πάντα
1194 2260 1254 2333 τὸν

296 2369 442 2455 ἐμαυτοῦ
465 2372 543 2454 βίον
570 2364 662 2435 εἶδόν
680 2394 717 2435 τε
739 2365 796 2434 καί
815 2360 961 2452 ἥκουσα,
983 2362 1104 2435 ἔστιδ’
1130 2356 1179 2436 ὧν
1197 2366 1254 2435 καὶ

296 2477 397 2560 πείρα
410 2471 569 2558 μετέσχον
582 2472 620 2539 έν
632 2477 821 2557 βασιλικαῖς
835 2460 857 2555 ἢ
873 2472 1045 2558 δημοσίαις
1058 2464 1255 2559 ὑπηρεσίαις

252 2602 280 2644 ιο
295 2572 485 2661 γενόμενος,
500 2577 605 2642 ταῦτα
618 2574 823 2660 συνέγραψα.

396 2673 538 2767 γηραιόν
552 2673 632 2745 ὄντα
652 2674 815 2762 Μάρκον,
829 2673 885 2741 καί
903 2672 948 2761 μη
968 2672 1074 2762 μόνον
1091 2668 1154 2761 ὑφ’
1176 2667 1281 2763 {fic-3

295 2786 370 2861 κίας
388 2776 474 2850 ἀλλά
498 2777 656 2868 καμάτοις
675 2805 712 2848 τε
735 2778 792 2845 καί
812 2783 968 2866 φροντίσι
990 2778 1252 2867 τετρυχωμένον,

245 2931 250 2939 ·
296 2881 511 2972 διατρίβοντά
523 2910 560 2952 τε
580 2884 618 2952 έν
630 2889 770 2966 Παίοσι,
784 2878 883 2959 νόσος
894 2878 1020 2969 χαλεπὴ
1040 2880 1252 2971 καταλαμβά·

294 3014 357 3057 νει.
385 2988 458 3056 ἐπεὶ
473 2986 509 3055 δὲ
522 2980 614 3079 αὐτῷ
626 2984 685 3065 τάς
698 2982 780 3075 πρὸς
794 2990 962 3072 σωτηρίαν
971 2988 1107 3064 ἐλπίδας
1117 2985 1254 3072 φαόλως

253 3110 280 3150 ²5
296 3095 385 3176 ἔχειν
397 3085 616 3175 ὑπώπτευεν,
636 3088 724 3181 έωρα
744 3116 781 3157 τε
800 3085 860 3156 τόν
877 3093 981 3158 παῖδα
993 3093 1051 3177 τῆς
1070 3097 1253 3177 μειρακίων

294 3189 425 3282 ἡλικίας
439 3190 625 3282 ἀρχόμενον
632 3197 831 3281 ἐπιβαίνειν,
840 3188 960 3271 δεδιως
966 3188 1011 3280 μὴ
1018 3191 1134 3280 νεότης
1147 3189 1252 3282 ἀκμό-

295 3304 396 3379 ζουσα
409 3299 465 3367 καλ
480 3299 517 3367 έν
530 3294 677 3388 ὀρφανίᾳ
691 3299 845 3379 ἐξουσίαν
854 3290 1081 3385 αάτοκράτορα
1095 3298 1151 3365 καί
1164 3294 1253 3367 ἀκό-

295 3409 399 3470 λυτον
421 3404 658 3491 προσλαβοῦσα
671 3398 880 3489 μαθημάτων
893 3398 955 3486 μὲν
972 3404 1086 3469 καλῶν
1103 3401 1161 3470 καὶ
1180 3403 1252 3471 έπι-

295 3504 515 3593 τηδενμάτων
527 3500 708 3593 ἀφηνιάση,
719 3507 840 3594 μέθαις
853 3501 890 3571 δέ
900 3504 958 3571 καὶ
969 3500 1167 3591 κραιπάλαις
1181 3506 1252 3572 έπι·

252 3638 281 3679 το
300 3612 349 3701 δῷ
370 3608 493 3697 ἑαυτήν
514 3610 633 3698 (ῥᾷστα
649 3604 712 3695 γάρ
726 3611 764 3676 αἱ
773 3611 842 3676 τῶν
855 3606 942 3676 νέων
954 3607 1059 3693 ψυχαί
1078 3608 1111 3685 ές
1130 3598 1253 3694 ἡδονάς

296 3714 588 3793 ἑξολισθαίνουσαι
607 3706 672 3779 ἀπὸ
685 3716 753 3781 τῶν
768 3714 921 3789 παιδείας
935 3714 1047 3778 καλῶν
1061 3704 1253 3797 μετοχετεό-

297 3821 421 3900 ονται),
442 3810 498 3883 οἷα
515 3812 558 3904 δη
577 3811 689 3906 ἀνδρα
712 3822 925 3910 πολυλστορα
949 3813 1099 3911 μάλιστα
1118 3808 1318 3901 έτάραττεὶ
