3134 4367
693 431 871 493 κυκνον
1003 385 1006 390 ’
1216 430 1257 494 23

299 604 448 694 ήκμασε,
468 607 592 691 πολλής
611 599 807 692 ἀνθρώπων
821 608 953 693 φθοράς
972 606 1152 694 γενομένης
1171 604 1256 675 πάν·

299 736 370 779 των
382 735 420 778 τε
434 706 528 802 ζῴων
541 708 653 795 <των>
667 723 735 787 τοῖς
749 704 943 797 άνθρύποις
956 717 1134 778 συνοίκων.

405 814 521 899 ἐπέσχε
535 807 660 881 δίκαι’
676 808 828 881 αὐτὸκαὶ
841 809 934 900 λιμὸς
952 808 1014 900 τήν
1032 812 1129 882 πόλιν
1150 814 1183 895 ἐξ
1203 818 1255 882 αί·
1271 836 1289 889 3

299 922 374 996 τίας
386 915 551 1004 τοιαύτης.
578 914 772 1006 Κλέανδρός
784 941 834 995 τις
847 908 907 1005 ήν,
923 913 960 984 τὸ
975 914 1038 1002 μέν
1051 917 1145 1003 γένος
1155 916 1259 1005 Φρύξ,

270 1024 371 1089 ετῶν
393 1025 537 1110 δημοσίᾳ
559 1016 732 1088 εἰωθότων
751 1014 819 1088 ύπδ
845 1018 968 1108 κήρυκι
994 1017 1258 1108 πιπράσκεσθαι·

299 1124 431 1211 οἰκέτης
457 1123 495 1192 δέ
513 1119 685 1210 βασιλικὸς
710 1119 889 1210 γενόμενος
914 1126 1139 1211 σνναυξηθείς
1158 1149 1194 1190 τε
1214 1127 1262 1215 τῷ

298 1225 469 1320 Κομμόδμ
496 1228 529 1305 ἐς
554 1231 714 1295 τοσοῦτον
739 1220 800 1294 ὑπ’
830 1223 935 1296 αὐτοῦ
959 1231 1055 1315 τιμής
1081 1226 1139 1294 καὶ
1166 1226 1260 1306 ἐξου-

299 1336 376 1410 σίας
397 1328 551 1419 προήχθη
579 1323 623 1409 άς
648 1328 765 1418 τήντε
783 1328 1011 1420 τοῦσώματος
1031 1323 1186 1417 φρουράν
1205 1328 1262 1396 καὶ

300 1431 364 1521 τήν
395 1438 456 1502 τού
488 1431 646 1522 θαλάμου
677 1435 832 1515 ἐξουσίαν
857 1432 919 1522 τήν
944 1460 980 1502 τε
1011 1438 1080 1504 των
1110 1435 1263 1521 στρατῶν

259 1568 284 1609 ιο
299 1532 409 1626 άρχήν
427 1539 694 1627 ἐγχειρισθῆναι·
720 1531 788 1606 ὑπὸ
815 1537 853 1605 δέ
884 1536 1032 1606 πλούτου
1056 1537 1112 1605 καλ
1131 1539 1262 1624 τρυφής

299 1637 489 1728 ἀνεπείσθη
507 1640 564 1709 καὶ
590 1637 672 1729 πρὸς
698 1646 869 1727 βασιλείας
894 1641 1089 1728 ἐπιθυμίαν.
1141 1635 1295 1728 άθροί-4

300 1752 368 1827 ζων
391 1742 430 1812 δέ
446 1742 613 1833 χρήματα,
640 1743 697 1811 καὶ
720 1758 813 1813 σῖτον
831 1752 989 1813 πλεῖστον
1007 1740 1263 1829 συνωνούμενος

301 1848 360 1916 καὶ
391 1843 599 1932 ἀποκλείων,
631 1843 746 1935 ήλπιζε
778 1846 1004 1937 προσάξεσθαι
1040 1846 1100 1916 τόν
1132 1872 1168 1915 τε
1201 1850 1263 1933 δή·

302 1977 368 2040 μον
383 1952 441 2019 καὶ
462 1947 499 2019 τδ
526 1949 767 2040 στρατόπεδον,
790 1957 821 2019 εί
839 1956 973 2040 πρῶτον
993 1952 1031 2019 ἐν
1050 1948 1169 2020 σπάνει
1195 1953 1264 2018 τῶν

261 2086 285 2126 ιε
303 2057 505 2143 ἐπιτηδείων
524 2052 729 2144 καταστήσας
750 2053 920 2125 ἐπιδόσεσι
940 2063 1105 2143 λαμπραῖς
1124 2050 1265 2134 άλύντας

204 2184 208 2193 ·
302 2156 402 2251 πόθῳ
415 2162 476 2226 τοῦ
489 2156 671 2246 χρειωδονς
685 2158 938 2247 προσαγάγοιτο.
965 2158 1122 2245 μέγιστον
1141 2156 1179 2227 δέ
1197 2183 1261 2243 γν-

301 2260 446 2351 μνάσιον
459 2260 708 2341 κατασκευάσας
720 2259 865 2350 λουτρὸν
885 2260 1046 2350 δημόσιον
1060 2258 1186 2348 άνήκεν
1199 2255 1261 2328 αύ·

302 2380 381 2445 τοῖς.
408 2360 427 2433 δ
441 2363 504 2453 μὲν
517 2355 580 2434 οὖν
593 2362 681 2433 οὕτω
694 2362 754 2435 τδν
768 2371 876 2454 δῆμον
889 2366 1077 2449 ἐδελέαζεν·
1093 2369 1127 2433 οἱ
1138 2358 1260 2434 δέῬω-
1278 2391 1292 2441 5

303 2484 396 2558 μαϊοι
410 2464 568 2555 άπεχθῶς
583 2474 712 2556 ἔχοντες
732 2467 814 2559 πρὸς
833 2465 954 2555 αὐτόν,
975 2470 1033 2537 καὶ
1052 2473 1120 2537 τῶν
1141 2469 1265 2537 δεινῶν

261 2599 288 2638 οο
305 2569 364 2653 τάς
377 2577 484 2650 αίτίας
498 2573 531 2665 ἐς
549 2574 681 2642 ἐκεῖνον
699 2568 942 2660 ἀναφέροντες,
965 2575 1140 2659 μισοῦντες
1160 2565 1266 2637 αὐτού

303 2674 341 2744 τὸ
367 2671 551 2764 άκόρεστον
571 2679 630 2762 τής
657 2680 719 2744 τού
742 2673 890 2744 πλούτου
913 2676 1112 2762 ἐπιθυμίας,
1137 2668 1179 2741 τά
1204 2669 1267 2759 μὲν

305 2783 422 2868 πρωτα
436 2783 473 2847 ἐν
485 2804 522 2847 τε
541 2777 699 2868 θεάτροις
718 2775 954 2865 συνιστάμενοι
974 2779 1031 2846 καὶ
1048 2771 1132 2845 κατά
1152 2774 1267 2864 πλήθη

304 2887 416 2961 κακῶς
436 2877 620 2971 ήγόρενον,
648 2879 767 2951 καὶτὸ
794 2890 1004 2966 τελευταῖον,
1030 2878 1203 2967 διάγοντος
1229 2879 1268 2947 ἐν

305 2992 493 3077 προαστείῳ
502 2990 563 3055 τοῦ
571 2983 763 3074 Κομμύδον,
771 2984 970 3064 ἐπελθόντες
979 2984 1146 3073 πανδημεὶ
1161 2980 1268 3070 ἐβόων

264 3120 292 3163 νε
308 3085 442 3158 καὶτὸν
456 3089 653 3178 Κλέανδρον
672 3091 706 3169 ἐς
726 3088 880 3159 θάνατον
897 3085 1013 3178 ήτονν.
1065 3092 1209 3177 ταραχῆς
1230 3083 1300 3167 δές

306 3190 409 3280 ούσης
422 3193 499 3280 περὶ
512 3190 550 3261 τὸ
564 3191 781 3282 προάστειον,
802 3198 864 3261 τοῦ
884 3218 922 3260 τε
941 3190 1124 3280 Κομμύδον
1143 3193 1269 3268 ἐντοῖς

306 3294 578 3384 άνακεχωρηκύσι
591 3295 705 3376 τόποις
718 3292 857 3385 ήδοναίς
870 3294 1094 3383 σχολάζοντος,
1102 3291 1269 3382 άγνοοῦν-

307 3399 363 3480 τός
376 3426 413 3467 τε
425 3396 466 3467 τά
479 3398 714 3489 θρυλούμενα,
737 3402 875 3490 ἐπείπερ
896 3394 914 3468 ὁ
935 3400 1129 3488 Κλέανδρος
1149 3393 1269 3484 άγγέλ·

308 3508 433 3573 λε’σθαί
451 3529 484 3571 τι
502 3507 573 3571 τῶν
593 3505 830 3592 πραττομένων
852 3500 1001 3571 ἐκάλνεν
1025 3498 1132 3595 αὐτῷ,
1154 3504 1269 3584 αίφνι-

266 3636 294 3678 ω
311 3612 408 3691 δίως,
435 3604 477 3675 ού
510 3611 763 3695 προσδοκῶντος
794 3610 857 3676 τού
883 3604 1010 3694 δήμον,
1037 3607 1273 3691 ἐπιφαίνονται

313 3706 516 3797 ὡπλισμένοι
540 3707 760 3789 κελεύσαντος
785 3714 846 3779 τού
868 3708 1067 3794 Κλεάνδρου
1095 3701 1216 3781 πάντες
1242 3705 1276 3771 οί

312 3820 474 3901 βασίλειοι
489 3814 601 3894 ἱππεῖς
606 3864 617 3900 ,
637 3811 716 3895 τούς
727 3838 765 3883 τε
779 3812 1049 3905 ἐντυγχάνοντας
1063 3811 1209 3896 ἔβαλλον
1229 3806 1293 3873 ὀδε
