3134 4367
712 433 858 492 ΕΚΤΟΝ
1201 433 1260 495 159
1333 484 1341 499 .

310 611 371 676 τών
389 606 449 676 καὶ
471 603 749 693 μιξοβαρβάρων,
774 601 840 673 άπό
860 629 950 683 τινος
971 603 1097 694 κώμης,
1122 602 1166 688 ώς
1187 609 1261 676 ἐλέ-

308 737 393 797 γετο,
409 708 578 796 πρότερον
591 707 653 794 μέν
667 711 704 776 ἐν
718 709 814 776 παιδί
833 713 1037 795 ποιμαίνων,
1061 711 1097 778 ἐν
1119 707 1207 800 άκμῇ
1223 712 1261 781 δέ

251 809 253 818 ’
306 820 358 901 τῆς
370 809 504 901 ἡλικίας
517 810 696 899 γενόμενος
719 807 775 881 διά
794 813 938 900 μέγεθος
955 813 1012 880 καλ
1032 810 1130 899 ίσχύυ
1147 814 1261 901 σώμα-

304 944 355 996 τος
366 920 400 996 ἐς
413 913 494 994 τοὺς
510 914 712 994 ίππεύοντας
731 914 933 1000 στρατιώτας
955 923 1167 1004 καταταγείς,
1191 916 1260 987 εἶτα

283 1016 372 1088 ικατ’
395 1014 515 1105 ὀλίγον
537 1013 641 1085 αύτδν
661 1017 930 1106 χειραγωγούσης
952 1025 1010 1107 τῆς
1030 1019 1129 1107 τύχης
1149 1017 1261 1088 ἐλθών
1351 1017 1354 1034 ’

304 1120 356 1191 διά
369 1121 478 1208 πάσης
497 1120 618 1201 τάξεως
635 1127 888 1209 στρατιωτικῆς,
910 1116 954 1201 ώς
972 1123 1207 1212 στρατοπέδων
1224 1148 1261 1189 τε

303 1227 494 1312 ἐπιμέλειαν
514 1230 583 1292 τών
601 1226 714 1291 ἐθνών
737 1252 773 1291 τε
796 1215 897 1310 άρχάς
916 1233 1148 1313 πιστευθῆναι.
1201 1222 1291 1293 τδνῖ

304 1326 342 1415 δὴ
355 1329 551 1414 Μαξιμῖνον
564 1333 684 1395 τούτου
698 1324 754 1394 διά
764 1325 826 1413 τὴν
839 1331 1085 1417 προειρημένην
1098 1352 1261 1417 στρατιω-

303 1428 398 1519 τικὴν
413 1433 590 1517 ἐμπειρίαν
610 1426 627 1499 ὁ
643 1426 858 1517 Ἀλέξανδρος
871 1432 1029 1518 ἐπέστησε
1043 1431 1132 1521 πάση
1146 1438 1187 1521 τῇ
1201 1437 1261 1500 τοῦ

270 1564 289 1603 ιο
304 1540 446 1625 στρατοῦ
465 1539 619 1623 νεολαίᾳ,
640 1528 685 1611 ώς
707 1529 823 1619 άσκοίη
843 1560 879 1600 τε
897 1525 1021 1614 αύτούς
1040 1531 1080 1602 τά
1099 1556 1261 1621 στρατιω-

302 1634 375 1706 τικά
388 1637 448 1705 καλ
465 1638 499 1715 ές
511 1633 547 1704 τδ
567 1644 724 1723 πολεμεῖν
738 1638 946 1723 ἐπιτηδείους
960 1637 1213 1725 παρασκευάζοι.
1242 1632 1262 1705 δ

303 1742 338 1809 δέ
356 1735 441 1827 μετά
461 1739 568 1825 πάσης
588 1742 775 1826 ἐπιμελείας
797 1738 994 1826 ποιούμενος
1014 1738 1056 1808 τά
1078 1742 1281 1827 ἐγκεχειρι-Ι

302 1846 406 1931 σμένα
427 1838 566 1911 εύνοιαν
589 1839 717 1930 πολλὴν
735 1840 826 1932 παρά
845 1849 912 1910 τών
931 1850 1142 1932 στρατιωτῶν
1163 1842 1258 1931 ἐκτή-

303 1969 397 2034 σατο,
414 1942 456 2014 ού
480 1944 586 2032 μόνον
606 1946 776 2014 διδάσκων
797 1941 921 2026 αύτούς
941 1943 981 2015 τά
1000 1950 1153 2035 ποιητέα,
1174 1942 1260 2016 άλλά

268 2077 287 2117 ιε
303 2052 441 2130 καὶτοῖς
461 2054 572 2136 ἐργοις
590 2049 725 2118 πάντων
739 2048 1006 2137 προηγούμενος,
1029 2047 1073 2130 ώς
1087 2049 1132 2139 μὴ
1145 2060 1259 2138 μαθη-

301 2152 356 2234 τάς
380 2150 467 2221 εἶναι
491 2152 594 2239 μόνον
617 2148 700 2220 ἄλλα
724 2154 779 2220 καὶ
800 2151 943 2239 ζηλωτάς
967 2155 1024 2223 καλ
1041 2153 1181 2243 μιμητάς
1201 2160 1257 2241 τῆς

302 2259 434 2325 ἐκείνου
449 2251 614 2342 άνδρείας.
654 2262 702 2325 ἔτι
715 2284 750 2324 τε
763 2258 820 2323 καὶ
834 2254 953 2346 δώροις
966 2253 1089 2337 αύτούς
1102 2259 1158 2325 καλ
1170 2283 1257 2326 παν·
1271 2276 1289 2329 3

303 2364 462 2438 τοδαπαῖς
476 2374 584 2445 τιμαῖς
602 2354 799 2451 ᾠκειώσατο.
828 2355 913 2429 ὅθεν
932 2365 966 2428 οί
981 2368 1130 2448 νεανίαι,
1151 2363 1189 2429 ἐν
1209 2355 1259 2440 οἷς

302 2452 344 2550 ἦν
356 2452 395 2531 τδ
409 2460 497 2530 πολύ
511 2462 806 2548 πλῆθοςΠαιύνων
820 2462 976 2550 μάλιστα,
988 2471 1028 2552 τῇ
1042 2460 1258 2550 μέν’άνδρείηι

266 2594 288 2634 ιο
304 2572 363 2635 τοῦ
377 2567 574 2652 Μαξιμίνου
588 2571 737 2655 ἔχαιρον,
752 2562 812 2633 τὸν
827 2565 863 2633 δέ
880 2562 1098 2651 Ἀλέξανδρον
1112 2565 1259 2631 ἐπέσκω-

303 2696 385 2739 πτον
400 2664 445 2748 ώς
459 2664 526 2736 ὑπὸ
540 2675 597 2756 της
611 2695 646 2736 τε
659 2666 782 2755 μητρὸς
796 2662 1056 2753 άρχόμευου,καλ
1067 2666 1258 2752 διοικουμέ-

303 2800 372 2841 νων
380 2778 450 2841 τών
460 2770 662 2860 πραγμάτων
678 2767 737 2838 ὑπ’
755 2773 888 2861 ἐξουσίᾳ
896 2797 931 2838 τε
946 2765 1128 2859 καλγνώμη
1137 2796 1258 2856 γυναι-

304 2874 368 2963 κός,
384 2873 547 2965 ῥᾳθύμως
560 2902 595 2944 τε
609 2876 665 2944 καί
679 2870 854 2960 άνάνδρως
868 2889 935 2954 τοῖς
949 2882 1140 2961 πολεμικοῖς
1153 2895 1257 2962 προσ-

303 2979 493 3065 φερομένου
514 2982 657 3047 ἐκείνου.
682 2974 935 3066 ὑπεμίμνησκον
955 2977 992 3047 δὲ
1012 2975 1177 3066 ἀλλήλους
1190 2982 1258 3045 τών

269 3108 340 3155 τετε
354 3076 422 3150 ύπδ
437 3096 507 3161 ταῖς
521 3078 695 3162 άνατολαῖς
716 3078 771 3150 διά
791 3082 949 3169 μέλλησιν
966 3078 1071 3151 αὐτοῦ
1093 3080 1257 3167 πταισμά-

303 3210 380 3272 των,
394 3185 452 3253 καλ
468 3180 518 3253 ὅτι
528 3185 633 3272 μηδὲν
647 3182 804 3272 άυδρεῖον
816 3185 900 3273 μηδὲ
912 3183 1069 3254 νεανικὸν
1082 3185 1256 3270 παρέχοιτο

304 3289 335 3367 ἐς
346 3286 544 3376 Γερμανούς
556 3287 678 3357 ἐλθών.
730 3284 824 3368 ὅντες
841 3278 904 3357 οὖν
925 3290 981 3356 καὶ
995 3285 1102 3367 άλλως
1121 3286 1205 3374 πρὸς
1218 3286 1256 3357 τδ
1269 3305 1288 3357 4

303 3405 516 3478 καινοτομεῖν
530 3391 725 3479 ἐπιτήδειοι,
743 3393 799 3459 καὶ
813 3389 849 3459 τδ
870 3390 932 3478 μὲν
953 3388 1062 3480 παρὸν
1084 3396 1141 3479 τῆς
1155 3388 1257 3480 ἀρχῆς

304 3491 391 3584 βαρύ
412 3491 470 3562 διά
488 3501 591 3583 μῆκος
612 3496 762 3575 ἐξουσίας
780 3490 961 3582 ἡγούμενοι
980 3490 1119 3581 άκερδές
1137 3522 1173 3563 τε
1192 3491 1258 3582 ἤδη

269 3628 290 3670 ω
303 3596 409 3684 πάσης
430 3599 709 3687 προανηλωμένης
723 3603 928 3684 φιλοτιμίας,
949 3594 986 3666 τὸ
1006 3597 1043 3667 δέ
1063 3599 1186 3685 μέλλον
1201 3597 1258 3665 καὶ

303 3697 444 3788 προσιὸν
458 3706 491 3781 ές
504 3728 539 3770 τε
554 3698 590 3770 τὸ
604 3701 784 3790 κερδαλέον
797 3696 911 3782 αὐτοῖς
926 3695 1044 3772 εύελπι
1055 3700 1116 3771 καὶ
1126 3706 1175 3790 τῷ
1182 3724 1269 3765 κτω-

291 3806 385 3891 μενγι
395 3800 489 3889 παρά
499 3810 713 3895 προσδοκίαν
726 3807 842 3900 τίμιόν
851 3836 891 3883 τε
902 3809 965 3883 καὶ
973 3801 1304 3904 περισπούδαστον,
