3134 4367
697 421 874 481 ΠΡΩΊῸΝ
1220 420 1257 480 15

305 594 419 685 βόλων
431 596 639 686 Πομπηιανῷ
653 587 671 661 ὁ
685 590 793 682 πατήρ
808 593 936 675 ἐξέδοτο
949 586 1063 682 αὐτήν.
1085 589 1187 662 οὐδὲν
1199 582 1256 682 ήτ-
1271 609 1289 661 4

305 725 366 768 του
386 699 500 786 μέντοι
519 697 575 765 καὶ
595 691 614 764 ό
634 695 811 784 Κόμμοδος
830 694 992 785 ἐφύλαττε
1017 695 1074 778 τάς
1099 694 1195 787 τιμάς
1218 701 1260 786 τῇ

305 799 454 891 ἀδελφή·
469 802 525 869 καὶ
539 797 602 889 γάρ
617 801 672 868 ἐπὶ
690 804 751 867 τοῦ
770 805 943 888 βασιλείου
962 797 1090 885 θρόνου
1109 805 1259 888 καθήστο

305 908 344 973 ἐν
362 920 432 984 τοῖς
452 902 623 993 θεάτροις,
642 905 699 972 καὶ
717 900 755 970 τό
781 907 850 993 πόρ
870 900 1125 991 προεπόμπευον
1146 900 1257 993 αότής.

278 1009 379 1079 εέπεὶ
401 1007 439 1076 δὲ
468 1003 486 1076 ὁ
515 1006 690 1095 Κόμμοδος
716 1021 863 1093 γυναῖκα
887 1002 1047 1094 ήγάγετο,
1069 1015 1262 1095 Κρισπῖνον·

304 1110 428 1200 ὄνομα,
448 1107 577 1198 άνάγκη
596 1137 633 1179 τε
654 1111 786 1197 ἐγένετο
803 1107 867 1199 τήν
889 1115 1072 1201 προεδρίαν
1097 1107 1258 1200 άπονέμε·

305 1226 388 1284 σθαι
401 1220 442 1303 πή
461 1219 522 1282 τοῦ
542 1212 777 1301 βασιλεύοντος
797 1221 948 1300 γυναικί,
969 1212 1147 1303 δυσφόρως
1164 1219 1261 1284 τοῦτο

305 1320 457 1407 φέρουσα
476 1312 699 1405 ήΛουκίλλα,
718 1318 774 1386 καί
795 1313 857 1405 τήν
877 1318 1005 1405 ἐκείνης
1024 1316 1124 1407 τιμήν
1144 1319 1262 1404 ἕαυτής

305 1418 409 1511 ὕβριν
421 1427 618 1508 νομίζουσα,
632 1418 767 1509 τὸνμὲν
781 1422 900 1507 ἑαυτής
919 1418 1026 1510 άνδρα
1039 1417 1262 1510 Πομπηιανδν

266 1550 290 1591 ω
307 1528 427 1595 είδυϊα·
445 1520 626 1610 ἀγαπῶντα
650 1522 709 1593 τὸν
734 1522 932 1611 Κόμμοδον,
953 1521 1056 1594 οὐδὲν
1074 1522 1164 1618 αι’πφί
1184 1525 1261 1614 περὶ

305 1630 491 1707 ἐπιθέσεως
499 1632 557 1715 τής
568 1624 670 1717 άρχής
679 1623 926 1713 ἀνακοινοῦται,
936 1627 1112 1717 Κοδράτου
1124 1631 1172 1714 δέ,
1182 1655 1259 1697 νεα-

304 1737 425 1801 νίσκου
439 1727 598 1817 εὐγενοῦς
618 1728 709 1811 τινός
721 1731 777 1799 καὶ
791 1737 970 1815 πλουσίου,
985 1727 1039 1820 ἐφ’
1056 1721 1097 1800 οὗ
1110 1734 1166 1800 καὶ
1180 1738 1259 1799 λαυ-

304 1833 460 1923 δανοόση
487 1839 651 1926 συνουσίᾳ
675 1833 885 1922 διεβάλλετο,
905 1849 1025 1923 πεῖραν
1046 1840 1104 1922 τής
1128 1832 1262 1923 γνάμης

306 1936 540 2025 λαμβάνουσα,
560 1945 639 2028 περί
656 1964 693 2007 τε
713 1943 771 2027 τής
797 1942 975 2034 προεδρίας
994 1942 1142 2026 συνεχῶς
1168 1934 1259 2008 άπω-

265 2072 290 2114 ιε
308 2040 445 2131 δόρετο,
460 2043 516 2110 καὶ
534 2038 607 2109 κατ’
623 2037 738 2129 ὀλίγον
751 2038 906 2110 άυέπεισε
924 2038 983 2111 τόν
996 2051 1174 2111 νεανίσκον
1188 2037 1260 2110 όλέ-

303 2155 388 2235 θρια
401 2142 651 2232 βουλεύσασθαι
666 2148 773 2238 ἑαυτῷ
791 2170 827 2213 τε
846 2146 902 2213 καλ
919 2144 1008 2233 πάση
1021 2149 1062 2234 τῇ
1075 2144 1259 2236 συγκλήτῳ.

305 2246 501 2335 συνωμότας
526 2244 590 2338 γάρ
611 2251 737 2329 ἐκεῖνος
757 2252 815 2336 τής
836 2249 1014 2336 ἐπιβουλῆς
1032 2247 1146 2336 λαβάν
1165 2268 1290 2328 τιναςό

304 2356 374 2421 των
388 2350 585 2438 ἐξεχόντων,
599 2347 778 2421 άναπείδει
799 2359 977 2421 νεανίσκον
990 2351 1075 2437 τινά,
1089 2354 1146 2422 καὶ
1159 2348 1262 2422 αότόν

305 2452 457 2543 όντατής
470 2459 611 2543 βουλής,
625 2452 833 2525 Κνιντιανδν
846 2452 966 2545 ὄνομα,
980 2461 1129 2545 προπετή
1149 2456 1187 2524 δὲ
1206 2454 1262 2522 καὶ

264 2585 293 2627 ιο
307 2556 453 2647 θρασύν,
463 2556 608 2646 λαβόντα
622 2547 822 2648 ἐγχειρίδιον
835 2554 902 2627 ὑπὸ
915 2558 1053 2643 κόλπου,
1063 2554 1181 2646 καιρόν
1194 2583 1260 2645 φυ-

305 2660 450 2743 λάξαντα
462 2662 519 2729 καὶ
530 2660 635 2729 τόπον
648 2660 839 2750 ἐπιτήδειον
857 2663 1029 2730 ἐπιπεσεῖν
1046 2686 1082 2729 τε
1102 2665 1148 2752 τῷ
1167 2667 1259 2745 Κομ-

305 2763 398 2857 μόδφ
412 2765 468 2832 καὶ
483 2768 663 2851 φονεῦσαι,
683 2761 724 2833 τά
737 2760 837 2833 λοιπά
850 2762 958 2853 φήσας
975 2758 1076 2843 αὐτὸς
1086 2760 1259 2864 κατορδά

305 2877 428 2937 σεσθαι
441 2866 617 2956 χρημάτων
630 2866 788 2938 ἐπιδόσει.
842 2861 861 2936 ό
874 2863 906 2937 δ’
922 2863 1068 2948 ὑποστάς
1088 2869 1125 2937 ἐν
1143 2871 1183 2956 τή
1202 2870 1261 2936 τοῦ
1276 2881 1294 2937 6

281 2967 541 3061 “οἰμφιδεάτρον
555 2969 674 3065 είσόδφ
689 2969 856 3060 (ζοφώδης
876 2970 914 3041 δὲ
932 2967 1034 3060 αὕτη,
1053 2969 1107 3041 διὸ
1126 2972 1182 3040 καί
1201 2970 1259 3060 λή-

262 3105 290 3145 ro
308 3083 431 3143 σεσθαι
450 3071 597 3163 ήλπισε),
612 3075 790 3163 γυμνάσας
808 3072 846 3144 τὸ
865 3078 1029 3163 ξιφίδιον,
1051 3072 1206 3145 ἐπελδάν
1226 3102 1261 3144 τε

305 3182 485 3264 αἰφνιδίως
498 3182 546 3270 τῷ
557 3178 743 3273 Κομμόδφ,
763 3179 821 3248 καὶ
833 3178 959 3268 μεγάλη
973 3184 1071 3269 φωνή
1091 3176 1262 3269 προειποδν

303 3275 372 3348 ὑπὸ
386 3285 444 3369 τής
463 3280 651 3369 συγκλήτου
670 3279 761 3377 αὐτῷ
783 3285 1052 3371 ἐπιπεπέμφδαι,
1072 3287 1197 3371 τρῶσαι
1217 3280 1261 3371 μή

305 3381 457 3471 φθάσας,
472 3380 547 3454 ἀλλ’
569 3386 606 3453 ἐν
620 3374 646 3477 ᾧ
660 3388 736 3475 περὶ
755 3383 817 3474 τήν
830 3392 898 3456 τῶν
912 3386 1067 3474 ῥημάτων
1086 3383 1262 3477 προφοράν

305 3482 476 3574 ήσχολείτο
489 3489 546 3556 καὶ
559 3483 621 3575 τήν
634 3492 738 3571 δεῖξιν
757 3495 818 3558 τοῦ
831 3492 959 3577 ξίφους,
973 3491 1182 3578 συλληφθεὶς
1195 3484 1260 3557 ὑπὸ

264 3611 290 3652 ιο
307 3593 377 3657 τῶν
403 3588 700 3679 σωματοφυλάκων
732 3598 794 3662 τοῦ
819 3595 996 3680 βασιλέως,
1024 3598 1122 3681 δίκην
1147 3588 1261 3668 άνοίας

305 3688 467 3781 ὑπέσχεν,
494 3690 530 3775 δς
561 3709 701 3785 προεῖπε
725 3694 762 3766 τό
794 3699 1062 3787 βεβουλευμένον
1087 3700 1213 3782 μᾶλλον
1239 3685 1267 3779 ή
