3134 4367
672 426 892 487 TETAPTON
1196 426 1251 487 101

299 595 409 686 τηκότι
424 597 479 666 ἐπὶ
492 600 648 684 μεγίστης
666 599 884 685 έλεφαντίνης
899 605 1030 685 κλίνης,
1048 604 1079 678 ἐς
1092 598 1178 683 ύφος
1192 596 1253 688 ιἰρ-

298 710 432 788 θείσης,
451 701 671 787 προτιθέασιν
693 702 731 768 ἐν
756 707 796 789 τῇ
823 708 891 770 τῶν
917 708 1096 790 βασιλείων
1122 701 1252 793 είσόδφ,

297 811 502 892 χρυσοϋφεῖς
521 800 693 891 στρωμνὰς
713 799 1020 891 ύποστρωννύντες.
1057 802 1077 891 ἡ
1097 803 1128 874 δ’
1152 803 1253 875 είκῶν

298 910 406 995 ἐκείνη
420 909 458 975 ἐν
471 903 610 993 σχήματι
629 913 810 987 νοσοῦντος
827 907 999 995 πρόκειται
1013 903 1175 995 ῶχριῶσα.
1194 914 1251 995 τῆς
1267 924 1284 978 3

276 1010 333 1078 ,ιδὲ
352 1016 471 1097 κλίνης
493 1010 703 1096 ἑκατέρωθεν
724 1011 921 1093 καθέζονται
945 1012 1000 1079 ἐπὶ
1020 1021 1177 1081 πλεῖστον
1196 1018 1254 1097 τῆς

296 1108 419 1202 ἡμέρας
430 1115 470 1181 -έν
483 1110 546 1200 μὲν
558 1117 605 1202 τῷ
626 1118 708 1204 λαιῷ
722 1114 815 1201 μέρει
829 1120 919 1182 πᾶσα
938 1110 958 1202 ἡ
973 1114 1173 1203 σύγκλητος,
1194 1140 1254 1200 με-

295 1222 424 1295 λαίναις
437 1217 608 1303 ἐφεστρίσι
621 1214 802 1303 χρῶμενοι,
823 1219 864 1284 ἐν
877 1217 914 1286 δέ
928 1224 973 1308 τῷ
987 1221 1084 1310 δεξιῷ
1099 1231 1255 1305 γυναῖκες

295 1325 397 1387 πᾶσαι
409 1314 504 1398 ὅσαις
517 1313 653 1404 ἀνδρῶν
666 1312 688 1404 ἢ
701 1320 855 1407 πατέρων
868 1316 994 1408 ἀξίωμα
1008 1328 1102 1409 τιμῆς
1117 1318 1253 1401 ἐνδόξου

295 1426 527 1509 μεταδίδωσιν.
555 1417 634 1490 οὐτε
648 1420 685 1489 δὲ
703 1422 964 1510 χρυσοφοροῶσά
978 1452 1026 1504 τις
1046 1421 1158 1493 αὐτῶν
1171 1419 1254 1507 ὁρᾶ-

264 1550 282 1591 ιι
295 1553 346 1594 ται
360 1520 441 1594 οὐτε
455 1527 679 1612 περιδεραίοις
692 1527 920 1612 κοσμουμένη,
940 1522 1024 1595 άλλά
1043 1525 1134 1606 λιτὰς
1148 1530 1253 1613 ἐσθη-

294 1655 349 1708 τας
365 1624 489 1707 λευκάς
509 1622 778 1713 ἀμφιεννύμενοι
794 1634 902 1715 σχῆμα
922 1631 1253 1722 παρέχουσιλυπου-

293 1733 415 1818 μένων.
469 1727 551 1799 ἑπτά
564 1727 626 1817 μὲν
640 1721 704 1797 οὐν
717 1724 852 1817 ἡμερῶν
866 1728 906 1798 τὰ
921 1734 1077 1821 εἰρημένα
1092 1735 1252 1800 ἐπιτελεῖ·
1267 1751 1284 1800 4

293 1856 363 1903 ται·
381 1839 494 1922 ίατροί
511 1859 547 1900 τε
562 1831 721 1913 εἰσιόντες
736 1832 891 1902 ἑκάστοτε
911 1843 1069 1922 προσίασι
1089 1841 1128 1923 τῇ
1143 1842 1253 1923 κλίνη,

294 1939 348 2006 καὶ
362 1943 471 2025 δῆθεν
485 1935 742 2022 ἐπισκεψάμενοι
760 1934 821 2004 τόν
839 1944 1007 2007 νοσοῦντα
1023 1937 1254 2026 χαλεπώτερον

261 2073 280 2113 ο
295 2046 382 2128 ἔχειν
402 2036 669 2127 ἀπαγγέλλουσιν
689 2037 852 2108 ἑκάστοτε.
893 2039 979 2109 ἐπάν
1000 2043 1037 2111 δέ
1061 2040 1141 2131 δόξη
1162 2068 1253 2110 τετε-

293 2144 505 2232 λευτηκέναι,
527 2140 588 2228 τὴν
601 2140 663 2229 μὲν
681 2149 803 2229 κλίνην
815 2140 976 2231 ἀράμενοι
990 2150 1050 2213 τού
1064 2172 1099 2213 τε
1114 2150 1253 2214 ἱππικοῦ

293 2247 455 2335 τάγματος
476 2241 706 2331 εὐγενέστατοι
722 2246 778 2314 καλ
798 2252 855 2333 τῆς
876 2247 1067 2335 συγκλήτου
1087 2250 1252 2316 ἐπίλεκτοι

293 2356 423 2419 νεανίαι
440 2356 696 2434 κατακομίζονσι
718 2346 775 2417 διά
797 2356 855 2435 Ιτης
873 2354 965 2437 ίερᾶς
979 2346 1081 2437 ὁδού,
1096 2357 1130 2430 ές
1142 2378 1178 2419 τε
1191 2350 1253 2436 τὴν

294 2448 434 2542 ιἰρχαίαν
449 2447 578 2539 άγοράν
592 2454 828 2538 προτιθέασιν,
851 2458 936 2521 ἔνθα
957 2458 992 2521 οί
1005 2449 1175 2540 Ῥωμαίων
1189 2450 1251 2536 άρ-

257 2584 281 2625 ιι
294 2582 406 2643 χοντες
419 2552 477 2634 τάς
492 2550 592 2641 άρχάς
606 2550 825 2641 άπόμνυνται.
861 2556 1072 2643 ἑκατέρωθεν
1085 2554 1123 2623 δὲ
1137 2553 1250 2642 βάθρα
1265 2572 1281 2624 5

292 2657 366 2727 τινά
380 2657 553 2745 σύγκειται
568 2660 605 2725 έν
618 2664 777 2743 κλίμακος
794 2655 949 2743 σχήματι,
966 2659 1022 2725 καὶ
1041 2658 1095 2725 ἐπὶ
1108 2657 1171 2743 μὲν
1184 2667 1251 2724 θα-

292 2764 391 2850 τέρου
403 2763 526 2849 μέρους
540 2766 607 2828 τῶν
628 2755 874 2846 εὐγενεστάτων
891 2760 948 2826 καὶ
970 2756 1181 2848 εὐπατριδῶν
1194 2787 1251 2846 χο-

292 2862 349 2952 ρός
361 2868 479 2952 ἕστηκε
493 2867 640 2949 παίδων,
661 2865 698 2931 ἐν
720 2860 758 2930 δέ
777 2867 824 2953 τῷ
845 2858 1062 2955 άντικειμένφ
1078 2869 1251 2950 γυναικῶν
1323 2861 1330 2911 ³³

292 2974 358 3035 τῶν
378 2970 416 3036 έν
435 2962 568 3048 ἀξιώσει
583 2964 669 3034 εῖναι
684 2970 875 3034 δοκουσῶν·
903 2962 1023 3057 ῷδονσι
1042 2965 1080 3034 δὲ
1100 2966 1250 3054 ἑκάτεροι

255 3102 278 3143 ιι
293 3066 421 3159 ὕμνους
434 3095 471 3138 τε
484 3070 541 3137 καὶ
558 3075 700 3150 παιᾶνας
714 3071 746 3148 ἐς
767 3066 827 3137 τόν
845 3069 1117 3156 τετελευτηκότα,
1139 3077 1249 3161 σεμνῷ

290 3176 382 3262 μέλει
397 3174 454 3242 καὶ
468 3170 640 3260 θρηνῶδει
653 3174 953 3261 έρρνθμισμένους.
993 3171 1075 3260 μετά
1095 3173 1132 3241 δὲ
1147 3180 1246 3241 τοῦτο
1264 3192 1281 3245 6

290 3274 513 3365 βαστάσαντες
526 3271 588 3364 την
604 3281 724 3362 κλίνην
738 3277 902 3363 φέρουσιν
922 3278 983 3357 ἔξω
1004 3282 1061 3364 τῆς
1075 3275 1202 3356 πόλεως
1216 3280 1249 3357 ἐς

290 3377 326 3448 τό
351 3377 564 3466 καλούμενον
584 3373 703 3466 ’Ἀρεος
722 3383 858 3465 πεδίον,
884 3385 969 3447 ἔνθα
990 3379 1249 3448 κατεσκεύασται

290 3485 325 3552 ἐν
337 3488 385 3575 τῷ
401 3477 599 3572 πλατυτάτῷ
612 3486 673 3549 τού
687 3486 807 3550 πεδίον
821 3480 911 3572 τόπῷ
925 3480 1134 3570 τετράγωνόν
1148 3511 1179 3551 τι
1193 3483 1250 3550 καὶ

257 3607 278 3649 ιι
292 3585 510 3673 ἰσόπλευρον,
535 3581 636 3670 άλλης
664 3582 726 3670 μὲν
751 3579 834 3671 ὕλης
855 3580 1012 3672 οὐδεμιᾶς
1036 3587 1188 3671 μετέχον,
1212 3586 1248 3650 ἐκ

290 3687 392 3777 μόνης
407 3688 445 3759 δὲ
459 3682 654 3774 συμπήξεως
667 3684 776 3767 ξύλων
794 3692 959 3774 μεγίστων
981 3690 1014 3767 ἐς
1033 3694 1140 3774 σγημα
1154 3683 1247 3769 οἰκη-

290 3818 400 3880 ματος.
453 3797 521 3861 πᾶν
541 3790 578 3860 δὲ
598 3793 707 3860 ε’κεῑνο
734 3794 879 3861 ἔνδοθεν
901 3789 962 3882 μέν
985 3788 1175 3883 φρυγάνων
1197 3793 1292 3852 πελ
