3134 4367
356 412 415 472 174
725 414 938 475 ΕΒΔΟΜΟΝ

348 583 517 677 Ῥωμαίων
536 592 644 675 δήμου
664 587 721 655 καί
740 585 803 675 τήν
822 582 1027 675 σύγκλητον,
1051 580 1097 653 δι’
1122 574 1172 654 ών
1195 582 1260 673 τήν
1279 594 1319 654 τε

352 691 492 781 Λιβύων
505 691 627 778 ἐδήλου
647 692 682 771 ἐς
703 688 825 761 ἑαυτὸν
843 687 1052 778 σύμπνοιαν,
1066 693 1124 776 τής
1142 715 1179 757 τε
1202 689 1313 771 Maga-

352 802 454 884 μίνου
470 789 637 883 ὠμότητος
649 792 826 881 κατηγόρει
845 791 1056 881 σφοδρότατα
1072 788 1171 873 εἰδώς
1190 812 1309 880 μισου-

321 915 340 970 4
353 899 475 988 μένην,
490 893 591 977 αὐτός
607 924 643 965 τε
656 902 767 966 πάσαν
783 896 952 986 πραότητα
973 891 1185 984 ὑπισχνεῖτο,
1208 917 1310 965 συκο-

352 1001 480 1090 φάντας
490 1028 526 1069 τε
538 998 663 1080 πάντας
673 1000 879 1089 φυγαδεύων
891 1001 948 1070 καί
963 1004 1180 1068 παλινδικίαν
1194 996 1311 1078 διδούς
1324 1022 1334 1063 ε

350 1120 419 1186 τοῖς
438 1100 561 1184 ἀδίκως
588 1113 835 1192 κατακριθείσι,
857 1103 937 1184 τούς
956 1129 992 1172 τε
1014 1101 1169 1190 φυγάδας
1196 1104 1230 1183 ἐς
1256 1100 1311 1182 τὰς

350 1212 512 1295 πατρίδας
536 1206 728 1295 ἐπανάγων·
756 1222 824 1288 τοῖς
846 1205 883 1275 δέ
912 1204 1127 1295 στρατιώταις
1149 1200 1309 1293 ὑπέσχετο

351 1315 502 1381 ἐπίδοσιν
517 1308 694 1399 χρημάτων
708 1306 791 1399 ὅσην
807 1305 919 1390 οὐδεὶς
937 1308 1180 1401 πρότερον,τῷ
1196 1335 1233 1378 τε
1251 1308 1309 1395 δή·

351 1442 403 1508 μφ
417 1409 519 1502 νομὰς
533 1412 716 1501 ἐπήγγειλε.
754 1412 987 1504 προυνοήσατο
1007 1411 1044 1480 δὲ
1064 1418 1125 1481 τοῦ
1145 1410 1308 1501 πρότερον

352 1514 574 1606 άναιρεθήναι
590 1516 648 1585 τόν
667 1515 751 1586 κατὰ
764 1514 828 1604 τήν
841 1512 966 1604 Ῥώμην
987 1522 1055 1584 τών
1075 1516 1307 1605 στρατοπέδων
1321 1531 1337 1571 ¹⁰

350 1627 560 1708 προεστῶτα·
583 1616 790 1701 ’διταλιαυδς
810 1618 848 1689 δέ
866 1609 909 1707 ήυ
928 1614 1032 1705 όνομα
1051 1614 1154 1711 αύτῷ.
1190 1624 1306 1687 τοῦτον

350 1720 426 1815 ήδει
439 1723 625 1813 τραχύτατα
639 1724 695 1793 καὶ
711 1720 862 1812 ώμότατα
878 1720 1081 1813 πράττοντα,
1097 1720 1262 1811 φίλτατόν
1274 1747 1306 1789 τε

322 1842 339 1892 5
353 1824 435 1897 όντα
451 1829 507 1896 καὶ
520 1828 783 1913 καθωσιωμένον
803 1832 848 1919 τῷ
861 1828 1052 1918 Μαξιμίνφ.
1106 1821 1305 1894 ὑποπτεύων

312 1939 319 1952 ’
352 1919 416 1999 οὖν
435 1929 480 2017 μή
499 1944 568 2009 τοῖς
588 1931 825 2017 πραττομένοις
845 1935 1008 2017 γενναίως
1029 1924 1166 2018 άντιστή
1187 1928 1246 1997 καὶ
1264 1933 1305 2019 τῷ

350 2036 484 2103 ἐκείνου
504 2031 600 2123 φόβῳ
622 2034 738 2119 μηδεὶς
759 2028 850 2124 αύτῷ
872 2031 1072 2119 συνάρηται,
1100 2033 1225 2120 πέμπει
1250 2028 1333 2100 τδνιῦ

350 2141 472 2222 ταμίαν
484 2141 546 2210 τού
561 2141 699 2223 ἐθνους,
715 2141 894 2204 νεανίσκον
907 2134 1009 2222 φύσει
1024 2131 1189 2223 εὔτολμον
1203 2136 1260 2203 καὶ
1273 2131 1304 2203 τό

350 2245 445 2326 σώμα
459 2234 523 2306 ούκ
537 2233 661 2326 ἀγεννῆ
675 2240 731 2307 καὶ
747 2236 808 2327 τήν
818 2234 951 2325 ήλικίαυ
962 2234 1158 2326 ἀκμάζοντα,
1174 2236 1304 2327 πρόθυ-
1373 2261 1375 2312 i

351 2339 415 2430 μόν
428 2368 464 2410 τε
473 2343 507 2421 ἐς
519 2338 579 2411 τόν
596 2336 682 2429 ὑπὲρ
699 2343 821 2413 ἑαυτοῦ
836 2337 1204 2430 κίνδυνον,παραδοδς
1218 2337 1304 2433 αύτῷ
1373 2333 1375 2444 ξ

350 2443 590 2534 ἑκατοντάρχας
606 2447 663 2513 καί
678 2444 879 2534 στρατιώτας
894 2441 1002 2533 τινάς,
1018 2438 1067 2526 οἷς
1083 2449 1190 2514 ἐδωκε
1205 2471 1304 2513 κατα·
1372 2455 1375 2480 ¹

351 2550 582 2638 σεσημασμένα
605 2548 778 2638 γράμματα
800 2552 837 2618 ἐν
856 2562 1013 2628 πτυκτοῑς
1030 2550 1161 2636 πίναξι,
1186 2544 1234 2617 δι’
1259 2537 1334 2616 ώυθ
1373 2537 1375 2618 ἶ

350 2652 391 2722 τὰ
405 2650 576 2742 ἀπόρρητα
589 2654 646 2721 καὶ
666 2651 798 2743 κρυπτά
813 2648 1001 2741 άγγέλματα
1015 2654 1088 2733 ’τοῖς
1108 2657 1304 2739 βασιλεῦσιν
1372 2639 1375 2756 ή

319 2757 584 2825 6ἐπιστέλλεται.
636 2756 767 2826 κελεύει
788 2755 826 2825 δὲ
845 2751 958 2835 αὐτοῖς
976 2753 1040 2844 πρὸ
1061 2759 1120 2843 τής
1139 2757 1185 2824 ἕω
1199 2757 1234 2837 ἐς
1247 2753 1304 2843 τήν
1374 2767 1375 2784 ’

344 2854 472 2947 Ῥώμην
484 2865 708 2928 κατελθοῦσιν
721 2862 895 2946 ἐκπτῆναι
908 2864 956 2926 ἐτι
971 2857 1137 2942 δικάζοντι
1150 2858 1208 2926 καί
1224 2853 1304 2927 άυα·

348 2961 551 3051 κεχωρηκότι
564 2967 609 3053 τῷ
626 2958 814 3053 ’ίλιταλιανῷ
829 2963 866 3030 ἐν
885 2967 932 3053 τῷ
947 2966 1008 3029 τού
1024 2966 1244 3050 δικαστηρίου
1257 2966 1304 3031 οί-
1374 2975 1375 3055 ξ

349 3073 465 3154 κίσκφ,
476 3071 562 3134 ἔνθα
576 3062 675 3152 μόνος
688 3061 728 3132 τά
738 3060 910 3153 άπόρρητα
922 3065 978 3132 καὶ
991 3061 1122 3153 κρυπτά
1136 3068 1302 3134 δοκοῦντα
1314 3083 1334 3125 2⁵
1374 3128 1375 3131 ,

349 3161 435 3257 ὑπὲρ
450 3172 613 3255 σωτηρίας
625 3171 685 3235 τοῦ
699 3168 859 3255 βασιλέως
879 3162 1006 3255 ήρεύνα
1030 3195 1067 3238 τε
1086 3168 1143 3238 καὶ
1162 3166 1301 3256 ἐξήταζε,

350 3275 502 3359 δηλῶσαί
520 3295 555 3337 τε
573 3263 626 3338 ότι
646 3270 788 3359 φέρουσι
807 3269 982 3360 γράμματα
1004 3269 1087 3361 πρὸς
1110 3274 1303 3360 Μαξιμῖνον

349 3369 537 3462 άπόρρητα,
552 3372 605 3440 ἐπὶ
618 3373 716 3443 τοῦτό
732 3400 768 3443 τε
787 3369 867 3462 παρ’
883 3371 989 3443 αὐτοῦ
1003 3380 1205 3464 πεμφθήναι
1218 3371 1301 3464 ύπέρ

318 3493 334 3548 7
350 3471 532 3563 άσφαλείας
546 3481 606 3544 τοῦ
620 3478 799 3563 βασιλέως·
826 3476 1115 3567 προσποιήσασθαι
1129 3477 1168 3548 δέ
1181 3477 1301 3567 βούλε-

348 3588 431 3649 σθαι
445 3579 501 3647 καὶ
515 3582 732 3669 διαλεχθῆναι
746 3577 837 3675 αύτῷ
851 3586 1033 3672 ίδιαίτερου
1046 3578 1251 3670 ἀπαγγεῖλαί
1267 3607 1300 3651 τε
1313 3603 1333 3646 α

348 3681 388 3752 τά
405 3683 637 3771 ἐντεταλμένα·
661 3687 929 3778 διασχολουμένφ
949 3684 987 3753 δὲ
1002 3688 1120 3779 ἐκείνφ
1141 3686 1222 3777 περὶ
1241 3684 1299 3775 τήν

255 3865 261 3886 ι
342 3792 413 3858 ταῖν
436 3792 638 3883 σφραγίδων
659 3790 841 3881 ἐπίγνωσιν
861 3792 1173 3881 προσποιουμένους
1194 3784 1240 3871 δς
1259 3786 1298 3876 δή
