3134 4367
688 425 841 509 fflozvj
1187 429 1248 491 149

289 602 349 671 καί
362 595 495 688 ἡλικίας
508 597 596 692 ἀκμῇ
609 604 642 682 ἐς
654 602 762 689 μάχην
776 600 956 689 ἐπιτήδειοι
970 605 1168 692 ἐνομίζοντο.
1192 611 1246 675 κί-
1260 622 1278 675 2

290 710 389 792 νησίς
402 709 439 772 ’τε
451 712 588 793 μεγίστη
597 712 676 774 πᾶσι
689 719 758 785 τοῖς
771 700 838 773 ὑπὸ
853 701 1021 793 Ῥωμαίοις
1029 709 1170 796 ἐγένετο,
1186 713 1249 777 δυ-

291 807 424 894 νάμεως
438 807 620 898 ἰσορρόπου
633 805 871 897 ἀθροιζομένης
885 805 969 897 πρὸς
988 807 1025 878 τό
1047 808 1249 900 ἀγγελλόμε-

294 937 356 979 νον
369 916 438 979 τῶν
452 910 691 998 ἐπιτρεχόντων
705 910 885 1000 βαρβάρων
899 919 1038 1000 πλῆθος.
1066 910 1084 982 ό
1105 911 1137 983 δ’
1155 911 1248 984 Ἀλέ-

267 1015 435 1101 εξανδρος
456 1010 618 1102 ἀθροίσας
635 1012 714 1093 τούς
741 1016 778 1083 ἐν
793 1011 899 1105 Ῥώμη
919 1015 1137 1104 στρατιώτας,
1158 1019 1248 1098 ἐξελ-

292 1126 373 1186 θεῖν
386 1143 422 1185 τε
435 1116 561 1197 πάντας
580 1116 739 1197 κελεόσας
759 1121 792 1197 ές
813 1116 850 1186 τό
873 1118 1021 1207 σύνηθες
1040 1124 1175 1207 πεδίον,
1195 1122 1249 1189 ἐπὶ

290 1219 441 1309 βήματος
455 1216 611 1289 ἀνελθών
625 1224 714 1303 ἔλεξε
730 1219 852 1289 τοιάδε.

392 1318 603 1412 “έβουλόμην
616 1325 695 1411 μέν,
709 1313 738 1391 ά
752 1320 872 1412 άνδρες
893 1330 1151 1414 συστρατιῶται,
1170 1321 1248 1405 τοὺς
1264 1346 1282 1400 3

293 1423 457 1513 συνήθεις
471 1423 554 1514 πρός
566 1423 652 1515 ὑμᾶς
671 1437 841 1496 ποιεῖσθαι
860 1426 996 1514 λόγους,
1018 1424 1063 1496 δι’
1086 1417 1135 1495 όν
1150 1423 1250 1506 αὐτός

255 1561 277 1601 ιι
293 1555 328 1597 τε
357 1528 569 1617 ἐκοσμοόμην
594 1535 795 1620 δημηγορῶν
818 1526 904 1617 ὑμᾶς
930 1557 965 1599 τε
988 1527 1171 1610 ἀκούοντας
1192 1526 1251 1599 εὖ·

293 1654 456 1719 φραινον·
474 1632 607 1721 εἰρήνης
627 1630 691 1720 γὰρ
711 1639 895 1711 πολυετοῦς
913 1629 1161 1713 ἀπολαύσαντες
1175 1644 1209 1702 εί
1220 1660 1251 1702 τι

293 1733 414 1804 καινὸν
433 1741 500 1804 νῦν
520 1731 690 1822 ἀκούοιτε,
712 1744 791 1815 ίσως
810 1730 853 1803 ἀν
875 1731 920 1815 ός
946 1732 1027 1824 παρ’
1054 1737 1173 1805 ἐλπίδα
1194 1743 1250 1805 λε-

292 1840 411 1928 χθέντι
432 1841 658 1926 έκπλαγείητε.
710 1834 772 1928 χρή
800 1835 832 1908 δ’
861 1835 985 1929 ἀνδρας
1011 1846 1187 1927 γενναίους
1212 1852 1280 1907 τε4

294 1943 351 2011 καί
377 1939 556 2028 σώφρονας
583 1938 743 2029 εὔχεσθαι
763 1942 826 2030 μὲν
843 1937 1007 2029 ὑπάρχειν
1025 1939 1066 2011 τά
1085 1943 1248 2031 βέλτιστα,

256 2076 278 2115 ιε
295 2046 415 2134 φέρειν
428 2044 465 2114 δέ
478 2042 519 2114 τά
535 2051 800 2132 προσπίπτοντα·
817 2051 885 2113 τῶν
897 2044 959 2133 μὲν
979 2043 1043 2134 γάρ
1063 2042 1109 2113 δι’
1125 2041 1250 2134 ἡδονῆς

293 2150 531 2235 πραττομένων
545 2143 566 2235 ή
579 2145 760 2229 ἀπόλαυσις
773 2156 929 2237 γλυκεῖα,
950 2155 1018 2217 τῶν
1037 2145 1069 2217 δ’
1091 2150 1124 2231 ἐξ
1144 2145 1250 2236 ἀνάγ-

293 2279 354 2338 κης
374 2253 658 2339 κατορθουμένων
676 2253 808 2334 ἔνδοξος
826 2246 847 2340 ἡ
868 2248 1016 2340 ἀνδρεία.
1056 2253 1112 2319 καί
1133 2249 1169 2321 τό
1189 2251 1251 2341 μὲν

295 2351 412 2443 άρχειν
426 2350 555 2423 ἀδίκων
568 2360 677 2443 ἔργων
699 2350 762 2423 οὐκ
786 2350 981 2443 εὐγνώμονα
1002 2360 1068 2441 ἔχει
1087 2351 1149 2442 τὴν
1165 2354 1250 2440 πρό-

294 2465 425 2545 κλησιν,
441 2456 477 2527 τὸ
492 2457 529 2526 δὲ
542 2456 621 2538 τούς
634 2460 852 2544 ἐνοχλοῦντας
866 2455 1081 2527 ἀποσείεσθαι
1096 2463 1132 2525 ἔκ
1145 2482 1181 2525 τε
1194 2462 1251 2542 τῆς

252 2598 279 2639 20
296 2556 428 2648 ἀγαθῆς
448 2560 671 2647 συνειδήσεως
691 2567 757 2647 ἔχει
777 2558 815 2629 τό
836 2561 1043 2648 θαρραλέον,
1059 2560 1115 2626 καὶ
1134 2560 1171 2627 ἐκ
1189 2563 1250 2625 τοῦ

293 2662 339 2751 μή
350 2659 481 2734 ἀδικεῖν
494 2660 567 2731 ἀλλ’
587 2660 777 2751 ἀμύνεσθαι
787 2658 927 2750 ὑπάρχει
940 2658 976 2729 τό
993 2656 1118 2729 εὔελπι.
1133 2656 1250 2748 Ἀρτα-
1263 2674 1279 2729 5

294 2769 409 2858 ξέρξης
424 2765 510 2853 ἀνήρ
523 2768 673 2854 Πέρσης,
694 2763 754 2834 τόν
770 2766 893 2834 ἑαυτοῦ
913 2761 1078 2851 δεσπότην
1091 2759 1252 2853 Ἀρτάβα-

293 2897 356 2940 νον
370 2866 568 2950 ἀποκτείνας
581 2867 643 2957 τήν
656 2896 691 2937 τε
711 2865 817 2956 ἀρχήν
834 2871 867 2949 ές
886 2869 1018 2957 Πέρσας
1038 2862 1251 2955 μεταστήσας,

295 2969 380 3042 ἀλλά
393 2976 449 3043 καὶ
466 2980 534 3041 των
548 2967 716 3062 ἡμετέρων
732 2967 847 3041 ὅπλων
859 2970 1114 3061 καταθαρρήσας
1127 2972 1253 3059 καὶτῆς

251 3108 280 3149 ιε
291 3072 462 3164 Ῥωμαίων
476 3075 572 3163 δόξης
585 3074 858 3165 καταφρονήσας,
872 3081 1024 3162 πειρᾶται
1041 3075 1253 3163 κατατρέχειν

295 3180 353 3249 καὶ
365 3186 590 3268 λυμαίνεσθαι
603 3176 644 3248 τά
653 3186 709 3267 τῆς
719 3175 878 3269 ἡμετέρας
892 3176 993 3265 ἀρχῆς
1002 3177 1157 3265 κτήματα.
1172 3183 1252 3246 τοῦ·

294 3310 357 3351 τον
375 3281 561 3371 ἐπειράθην
584 3279 621 3351 τό
642 3281 704 3370 μὲν
721 3288 855 3372 πρῶτον
874 3282 1042 3371 γράμμασι
1061 3282 1118 3349 καὶ
1138 3291 1253 3350 πενθοῑ

295 3392 424 3455 παῦσαι
439 3392 495 3471 τῆς
509 3382 679 3472 ἀπλήστου
693 3392 813 3473 μανίας
827 3386 884 3453 καὶ
903 3391 960 3471 τῆς
980 3380 1163 3473 ἀλλοτρίων
1178 3386 1252 3452 ἐπι-

295 3495 439 3576 θυμίας·
455 3483 475 3556 δ
496 3487 533 3557 δὲ
546 3486 705 3580 βαρβάρῳ
719 3487 903 3579 φερόμενος
916 3483 1088 3579 ἀλαζονεία
1103 3483 1180 3556 οὔτε
1192 3486 1253 3573 μέ-

253 3626 281 3667 το
298 3620 373 3662 νειν
393 3601 480 3661 οίκοι
496 3586 671 3680 βούλεται,
692 3596 908 3679 προκαλεῖταί
927 3617 963 3658 τε
982 3585 1067 3678 ἡμᾶς
1087 3591 1120 3669 ἐς
1133 3587 1250 3676 μάχην.

297 3693 343 3784 μή
356 3692 400 3783 δή
414 3697 587 3783 μέλλωμεν
600 3692 684 3781 μηδὲ
700 3689 868 3781 όκνῶμεν,
891 3689 963 3763 ἀλλ’
980 3698 1015 3760 οί
1028 3692 1090 3778 μὲν
1103 3686 1280 3778 πρεσβό-(ς

297 3824 389 3890 τεροι
409 3794 504 3886 ὑμῶν
530 3792 743 3888 όπομνήσατε
770 3793 911 3881 ἑαυτοὺς
935 3799 1108 3889 τροπαίων
1130 3787 1158 3859 δι
1182 3786 1271 3878 μετα.
