3134 4367
214 3873 219 3876 -
268 3795 289 3847 4

331 422 388 482 ιω
511 395 513 400 ’
733 420 878 482 τινοιν

329 590 485 681 Σεεήρου
498 594 555 662 καὶ
564 588 766 661 Ἀντωνίνου
779 598 840 661 τοῦ
853 589 976 681 πατρὸς
989 587 1143 680 ἠγείρατε
1157 590 1283 662 πολλά-

329 724 381 777 κις
403 693 486 765 κατὰ
506 695 701 787 βαρβάρων,
723 700 758 764 οί
776 692 808 763 δ’
832 698 869 764 ἐν
891 692 978 784 άκμῇ
997 690 1091 776 όντες
1111 696 1209 784 δόξης
1228 697 1284 764 καὶ

329 799 448 880 κλέους
467 796 733 888 ἐπιθυμήσαντες
753 801 881 880 δείξατε
902 794 953 867 ότι
979 795 1043 887 άρα
1064 800 1120 868 καὶ
1144 797 1283 888 εἰρήνην

330 899 425 990 άγειν
438 902 551 991 πράως
563 905 619 972 καί
631 900 702 990 μετ’
720 907 835 982 αίδούς
857 905 1036 971 ἐπίστασθε
1054 904 1111 971 καὶ
1127 901 1168 971 τά
1181 910 1283 971 πολε-

299 1019 315 1075 7
330 1002 411 1094 μικόι
425 1012 481 1092 τῆς
494 1013 605 1097 χρείας
618 1003 819 1092 ἀπαιτούσης
832 1012 993 1093 γενναίως
1008 1012 1226 1096 κατορθοῦτε.
1245 1002 1281 1073 τὸ
1298 1032 1310 1071 ε

330 1108 368 1178 δέ
390 1108 561 1199 βάρβαρον
582 1106 665 1197 πρὸς
686 1110 748 1197 μὲν
766 1106 808 1176 τά
830 1104 1010 1177 ὑπείκοντα
1032 1098 1095 1177 καί
1116 1106 1284 1177 ὀκνοῦντα

329 1211 551 1300 θρασύνεται,
570 1218 616 1304 τῷ
636 1208 669 1280 δ’
693 1209 922 1281 άντιπίπτοντι
942 1207 1058 1280 οὐκέθ’
1082 1208 1204 1300 ὁμοίως
1224 1208 1286 1280 άν-

329 1317 431 1402 τέχει,
446 1317 518 1384 ἐπεὶ
529 1312 574 1404 μή
588 1318 625 1383 ἐκ
638 1314 826 1394 συστάσεως
847 1310 959 1394 αὐτοῖς
980 1310 1001 1402 ή
1021 1314 1106 1402 μάχη
1120 1312 1204 1383 κατὰ
1218 1320 1287 1383 τῶν

331 1405 521 1488 ἀντιπάλων
537 1414 743 1505 ὑπισχνεῖται
758 1415 796 1486 τό
812 1414 943 1503 εύελπι,
959 1413 1032 1484 ἀλλ’
1049 1420 1081 1499 ἐξ
1104 1421 1286 1506 ἐπιδρομῆς

332 1515 354 1609 ή
368 1528 477 1609 φυγής
490 1526 680 1609 κερδαίνειν
693 1527 885 1608 νομίζουσιν
899 1516 980 1610 όπερ
991 1515 1033 1588 άν
1044 1527 1146 1608 σχῶσι
1161 1517 1207 1590 δι’
1225 1516 1286 1604 άρ-
1302 1543 1325 1583 1⁰

332 1630 449 1711 παγής.
463 1621 542 1713 ἡμῖν
552 1625 590 1693 δὲ
599 1626 655 1693 καὶ
668 1623 704 1694 τδ
722 1616 881 1693 εύτακτον
894 1619 961 1710 άμα
974 1629 1020 1714 τῷ
1034 1630 1161 1716 κοσμίω
1176 1619 1287 1713 ύπάρ-

334 1755 401 1815 χει,
416 1729 473 1797 καὶ
489 1735 587 1797 νικᾶν
602 1723 725 1808 αύτούς
739 1724 791 1796 άεί
806 1723 1060 1814 δεδιδάγμεθα.”

305 1842 325 1897 4
438 1830 575 1900 τοιαύτά
594 1859 669 1899 τινα
692 1830 828 1900 είπόντα
850 1828 910 1898 τόν
934 1825 1152 1918 Ἀλέξανδρον
1178 1836 1244 1910 πᾶς
1270 1825 1288 1897 ὁ

333 1931 471 2023 στρατὸς
485 1930 715 2021 άνενφήμησε,
731 1940 926 2021 προθυμίαν
942 1959 976 2001 τε
991 1939 1101 2001 πᾶσαν
1121 1937 1154 2013 ἐς
1175 1929 1212 2001 τό
1227 1959 1289 2002 πο-

333 2042 447 2122 λεμεῖν
465 2031 664 2121 ὑπισχνεῖτο.
700 2031 719 2103 δ
735 2032 767 2103 δ’
790 2034 926 2114 ἐπιδούς
940 2031 1053 2116 αὐτοῖς
1065 2033 1215 2123 χρήματα
1228 2062 1288 2123 με·
1306 2056 1326 2095 ¹⁵

334 2136 566 2226 γαλοφρόνως,
582 2134 834 2227 εὐτρεπίζεσθαι
847 2136 887 2207 τά
900 2135 983 2225 πρὸς
1003 2137 1065 2226 τήν
1085 2142 1201 2221 ἔξοδον
1217 2140 1290 2207 ἐκί-

334 2248 443 2309 λευσε.
476 2239 652 2320 κατελθών
671 2268 707 2310 τε
725 2244 758 2321 ἐς
777 2238 839 2329 τήν
859 2239 1046 2329 σύγκλητον
1066 2240 1213 2330 βουλήν,
1235 2242 1291 2311 καί

335 2357 403 2424 τοῖς
423 2347 673 2434 προειρημένοις
693 2340 789 2432 όμοια
811 2350 1014 2432 διαλεχθείς,
1035 2344 1211 2433 ἐπήγγειλε
1230 2342 1291 2433 τήν

308 2465 325 2517 2
337 2449 461 2528 ἔξοδον.
492 2447 741 2535 καταλαβούσης
759 2448 797 2517 δὲ
810 2454 867 2536 τῆς
881 2444 1066 2536 ὡρισμένης
1085 2445 1208 2538 ἡμέρας
1222 2448 1292 2517 θύ-

336 2571 396 2631 σας
409 2577 445 2619 τε
458 2548 516 2630 τὰς
529 2552 582 2619 ἐπὶ
596 2566 667 2632 ταῖς
682 2550 808 2633 ἐξόδοις
827 2553 1066 2639 νενομισμένας
1088 2556 1290 2640 ίερονργίας,
1307 2578 1331 2619 ιι

336 2661 594 2742 παραπεμφθείς
606 2682 642 2723 τε
662 2650 727 2724 ύπδ
744 2662 802 2742 τής
815 2654 1004 2743 συγκλήτου
1022 2655 1079 2722 καὶ
1093 2652 1217 2735 παντὸς
1232 2661 1292 2724 τού

337 2755 463 2844 δήμου,
478 2762 535 2843 τῆς
550 2754 672 2845 Ῥοίμης
693 2754 837 2845 ιἰπήρεν,
853 2756 1130 2846 ἐπιστρεφόμενος
1144 2754 1195 2826 άεὶ
1211 2755 1293 2846 πρὸς

338 2856 399 2945 τήν
412 2858 510 2930 πόλιν
524 2861 580 2927 καὶ
598 2860 765 2946 δακρύων.
798 2856 872 2928 ἀλλ’
890 2856 971 2929 ούδδ
991 2866 1058 2929 τῶν
1079 2866 1236 2948 δημοτῶν
1251 2852 1293 2950 ήν

337 2989 386 3041 τις
404 2955 440 3041 δς
460 2957 622 3049 ιἰδακρυτί
636 2965 850 3050 παρέπεμπεν
869 2958 988 3031 αύτόυ·
1011 2962 1120 3032 πόθον
1134 2962 1198 3053 γάρ
1214 2966 1294 3033 ἑαν-

338 3070 457 3155 τούτῷ
471 3064 592 3150 πλήθει
607 3064 819 3151 ἐμπεποιήκει
834 3060 1036 3154 άνοιτραφείς
1050 3094 1085 3135 τε
1098 3062 1159 3135 ὑπ’
1179 3063 1293 3147 αύτοῖς
1309 3099 1332 3140 ιι

306 3186 323 3239 3
340 3167 397 3248 καί
409 3173 550 3253 μετρίως
570 3162 669 3253 άρξας
685 3167 855 3235 τοσούτων
875 3170 969 3237 ἐτῶν.
1022 3166 1104 3258 μετὰ
1119 3177 1244 3259 πολλῆς
1258 3169 1295 3240 δὲ

338 3273 488 3354 σπουδῆς
507 3269 726 3356 ποιησάμενος
746 3267 808 3357 τήν
828 3278 984 3359 πορείαν,
1013 3273 1053 3340 τά
1071 3300 1107 3342 τε
1128 3268 1295 3364 Ἰλλυρικά

298 3390 301 3408 ·
339 3376 423 3458 ἐθνη
438 3372 493 3439 καί
506 3372 712 3458 στρατόπεδα
729 3373 899 3462 ἐπελθών,
914 3381 1074 3464 πλείστην
1094 3403 1130 3444 τε
1148 3375 1295 3466 δύναμιν

339 3469 499 3543 κάκεῖθεν
513 3469 691 3563 ἀθροίσας,
709 3479 742 3556 ἐς
755 3473 816 3564 τήν
835 3473 1037 3565 Ἀντιόχειαν
1051 3475 1203 3566 άφίκετο.
1227 3484 1297 3550 ἐκεῖ

340 3576 377 3646 δὲ
390 3577 567 3665 γενόμενος
581 3574 621 3647 τά
639 3575 722 3670 πρὸς
741 3578 802 3649 τόν
824 3580 970 3670 πόλεμον
990 3581 1142 3669 ἐξήρτυε,
1162 3582 1294 3674 γυμνά·
1310 3615 1335 3657 ιι

321 3686 396 3768 Ιζων
409 3710 445 3752 τε
458 3678 538 3765 τούς
551 3681 757 3776 στρατιώτας
770 3684 830 3755 καὶ
841 3682 884 3754 τὰ
896 3683 1059 3771 πολεμικὰ
1071 3681 1197 3752 ἀσκεῖν,

417 3792 520 3877 ἔδοξε
535 3790 579 3866 δὲ
591 3788 689 3891 αύτῷ
704 3796 898 3887 πρεσβείαν
913 3786 1016 3858 πάλιν
1030 3782 1317 3869 πέμψαιπδοςδου
