3134 4367
682 442 904 504 ΔΕΊἼἙΡΟΝ
1228 440 1267 503 41

309 610 500 701 διαδοχήν),
515 616 563 679 ἔτι
573 610 611 681 δὲ
623 611 681 681 καί
693 609 755 702 τὴν
767 608 898 682 ύπατον
918 609 1023 702 ἀρχὴν
1040 616 1174 695 τελέσας
1188 614 1268 686 δεύ-

307 744 416 805 τερον.
452 710 471 784 ὃ
492 716 532 783 δέ
544 709 640 784 “άλλ’
663 712 778 796 αὐτός’
801 722 866 805 ἔφη
883 711 988 804 “έχω’,
1004 712 1044 786 δν
1063 716 1106 788 σύ
1126 727 1269 808 νομίζεις

308 819 448 890 πάντων
461 814 659 904 άξιῶτατον,
673 825 730 888 σοί
745 846 782 888 τε
795 825 855 908 τῆς
868 817 972 909 ἀρχῆς
986 830 1190 911 παραχωρῶ,
1212 826 1268 893 καί

308 929 420 993 πᾶσαν
433 918 497 1011 τὴν
510 924 664 1004 ἐξουσίαν
678 920 744 1010 έγῶ
762 925 820 991 καὶ
839 929 874 993 οί
890 925 1001 994 λοιποὶ
1022 923 1143 1004 πάντες
1160 942 1266 1021 ψηφι-

278 1025 436 1116 ςζόμεθά
448 1045 501 1094 σοι
516 1023 694 1105 διδόντες.”
721 1025 796 1095 τότε
816 1026 854 1096 δὲ
874 1027 1010 1097 πάντων
1030 1023 1134 1097 αὐτόν
1155 1031 1267 1117 ἐκβια-

306 1133 465 1219 σαμένων
479 1127 775 1218 ἐκλιπαρησάντων
788 1157 840 1216 τε,
861 1127 973 1200 ὀκνῶν
986 1133 1043 1200 καὶ
1056 1130 1151 1219 μόλις
1168 1128 1266 1201 άνελ-

305 1232 384 1304 θῶν
397 1234 454 1302 ἐπὶ
468 1230 527 1302 τόν
540 1239 713 1321 βασίλειον
725 1232 857 1323 θρόνον
870 1236 960 1316 ἔλεξε
972 1234 1095 1305 τοιάδε.

405 1331 465 1405 “vd
479 1334 570 1405 πάνυ
584 1333 694 1418 δεξιόν
706 1330 804 1425 ὐμῶν
816 1341 874 1426 της
887 1336 969 1427 πρός
981 1366 1023 1427 με
1035 1343 1131 1428 τιμῆς
1150 1337 1207 1405 καὶ
1226 1334 1265 1407 τό
1280 1356 1298 1412 5

305 1445 364 1529 τῆς
386 1446 538 1529 σπουδῆς
557 1434 771 1529 ὑπερβάλλον
791 1441 965 1511 έπίλεκτόν
984 1469 1020 1512 τε
1042 1444 1075 1523 ές
1090 1440 1270 1529 πρόκρισιυ

266 1574 291 1615 ιο
307 1542 472 1631 τοσαύτης
491 1539 572 1632 παρ’
594 1539 677 1633 ύμῖν
698 1539 887 1630 εὐγενείας,
908 1541 970 1614 οὐκ
992 1552 1068 1634 έχον
1094 1551 1269 1625 κολακείας

304 1643 459 1730 ὑποψίαν
478 1642 563 1716 άλλά
588 1650 693 1730 δεῖξιν
713 1648 769 1715 καὶ
790 1654 903 1716 πίστιν
923 1644 1072 1732 εὐνοίας,
1093 1646 1184 1740 άλλῳ
1206 1648 1269 1736 μὲν

304 1750 349 1820 άν
362 1778 408 1843 τςο
422 1747 549 1840 θάρσος
562 1752 619 1819 καὶ
633 1756 831 1838 προθυμίαν
845 1753 1004 1840 ἐνέβαλεν
1023 1753 1056 1831 ἐς
1074 1748 1112 1821 τό
1132 1754 1270 1839 ἑτοίμως

275 1841 282 1850 “
306 1856 469 1937 δέξασθαι
482 1851 810 1943 τάέχκεχειρισμέυα,
821 1857 941 1924 ἐλπίδα
954 1882 989 1923 τε
1004 1849 1267 1946 όηιστῶνηςύπέ-

306 1985 417 2046 φηνευ
431 1952 475 2025 άν
495 1953 539 2036 ῶς
559 1954 711 2047 εὐμαρῶς
724 1954 787 2046 τὴν
804 1954 909 2047 ἀρχὴν
930 1963 1090 2028 διοίσοντι
1110 1961 1147 2027 έν
1167 1955 1266 2048 άρχο-

264 2084 290 2126 ιε
306 2064 420 2150 μένοις
433 2056 540 2141 οὕτως
549 2058 748 2135 εὐνοοῦσιν·
777 2063 849 2149 ἐμοὶ
870 2062 907 2131 δὲ
925 2068 1030 2130 ταῦτα
1044 2062 1171 2152 μεγάλα
1185 2059 1266 2131 όυτα
1280 2076 1299 2132 6

304 2166 362 2233 καὶ
377 2166 527 2253 ἐξαίρετα
540 2169 636 2254 τιμῆς
649 2192 685 2233 τε
699 2174 861 2253 αἴσθησιν
874 2165 1058 2254 ἐκπλήττει,
1073 2168 1148 2246 δέος
1161 2192 1197 2235 τε
1211 2165 1268 2234 καὶ

304 2265 420 2355 άχῶνα
434 2264 475 2336 οὐ
489 2266 611 2357 μικρὸν
624 2270 763 2357 ἐμποιεῖ.
800 2268 956 2356 μεγάλων
978 2266 1042 2359 γάρ
1064 2267 1268 2359 εὐεργεσιῶν

305 2377 599 2460 προύπαρχουσῶν
610 2368 647 2440 τό
663 2370 814 2460 ἰσότιμον
828 2375 1032 2460 δυσέφικτον
1046 2375 1083 2443 έν
1091 2389 1163 2454 ταῖς
1171 2370 1266 2460 άμοι-

305 2481 399 2562 βαῖς,
413 2476 471 2543 καὶ
484 2473 586 2564 μικρά
601 2474 663 2562 μὲν
676 2479 840 2563 λαβοῦσιν
859 2472 1055 2546 άντιδούναι
1075 2484 1186 2565 μεῖζον
1207 2470 1268 2561 οὐχ

263 2598 289 2641 νο
305 2574 412 2658 οὕτως
427 2574 568 2667 εὐμαρές
589 2573 633 2657 ῶς
654 2574 852 2666 εὐχάριστον
872 2584 982 2664 δοκεῖ,
1003 2574 1147 2666 ὁπηνίκα
1168 2574 1200 2646 δ’
1225 2570 1269 2645 άν

304 2677 322 2751 ὃ
336 2680 468 2771 πρῶτός
480 2708 513 2749 τι
526 2681 651 2771 δράσας
664 2678 798 2767 ἀγαθὸν
811 2676 1066 2770 άνυπέρβληιον
1081 2679 1269 2767 κατάθηται

303 2784 419 2873 χάριν,
433 2781 472 2853 τό
485 2783 530 2873 μὴ
543 2780 618 2853 κατ’
635 2779 733 2865 άξίαν
744 2780 928 2854 άντιδοθέν
948 2779 1010 2870 οὐχ
1028 2780 1117 2853 αὐτοι
1138 2781 1266 2853 δυσπό-

304 2908 420 2977 ριστον
434 2883 478 2967 ῶς
491 2884 700 2975 ἀναίσθητον
713 2882 780 2976 άμα
793 2888 850 2955 καὶ
864 2884 1044 2977 ἀχάριστον
1061 2884 1265 2978 ὀνομάζεται.

303 2986 372 3079 ὁρῶ
386 2988 428 3079 δὴ
443 2987 485 3061 οὐ
497 2988 557 3060 τόν
569 2989 712 3078 τυχόντα
725 3018 780 3079 μοι
801 2993 1030 3081 ἐπηρτημένον
1049 2988 1164 3079 άχῶυα
1182 2988 1264 3081 πρὸς
1279 3010 1296 3066 7

263 3118 289 3159 τε
303 3092 341 3164 τό
355 3092 451 3177 άξιον
464 3092 609 3183 ἐμαυτόν
623 3109 807 3182 παρασχεῖν
819 3099 878 3182 τῆς
890 3094 1053 3184 τοσαύτης
1073 3092 1151 3185 παρ’
1170 3090 1268 3184 ὑμῶν
1307 3123 1310 3130 ·

303 3204 411 3287 τιμῆς.
426 3194 469 3267 οὐ
483 3194 548 3286 γάρ
562 3201 600 3267 έν
612 3203 653 3287 τῇ
667 3201 821 3289 καθέδρᾳ
834 3194 855 3287 ἡ
869 3204 1042 3289 προεδρία,
1056 3196 1130 3268 ἀλλ’
1148 3201 1185 3268 ἐν
1198 3213 1268 3279 τοῖς

304 3307 433 3391 έρχοις,
448 3311 483 3370 εί
492 3328 542 3380 τις
552 3298 660 3389 αὐτὴν
672 3299 717 3390 μὴ
731 3302 954 3389 καταισχύνει.
983 3298 1049 3394 όσῳ
1064 3302 1102 3372 δέ
1114 3300 1156 3371 τά
1168 3301 1265 3389 χενό-

303 3431 390 3493 μευα
412 3400 457 3484 ῶς
483 3411 598 3493 φαῦλα
617 3420 778 3491 μισεῖται,
792 3404 940 3498 τοσούτῳ
966 3402 1007 3474 τά
1033 3408 1196 3495 μέλλοντα
1222 3401 1267 3485 ῶς

304 3504 421 3595 άχαθά
433 3507 586 3596 μεγάλως
599 3509 773 3590 έλπίζεται.
801 3510 857 3577 καὶ
870 3505 910 3577 τά
929 3508 992 3597 μὲν
1007 3506 1103 3578 δεινά
1120 3514 1189 3578 τῶν
1208 3514 1262 3597 έρ-

265 3642 289 3685 ιο
303 3639 377 3698 χιον
390 3608 444 3681 ἀεὶ
462 3609 706 3701 μνημονεύεται
727 3609 778 3695 (τό
798 3609 862 3700 γάρ
885 3617 1040 3701 λυπῆσαν
1060 3611 1263 3682 δυσαπάλει-

305 3718 415 3802 πτον),
428 3712 470 3784 τά
484 3716 522 3784 δὲ
535 3711 660 3806 χρηστά
680 3710 747 3801 άμα
766 3720 807 3803 τῇ
826 3712 1008 3785 άπολαύσει
1030 3718 1086 3783 καὶ
1105 3712 1167 3801 τὴν
1186 3713 1264 3799 περὶ

305 3813 417 3890 αὐτῶν
429 3816 564 3907 μνήμην
576 3822 827 3910 σνναναλίσκει,
841 3820 916 3894 ἐπεὶ
931 3816 978 3915 μὴ
990 3814 1118 3913 ὁμοίως
1133 3811 1281 3905 εὐηοαλ-
1294 3835 1322 3887 Q
