3134 4367
319 403 362 488 98⁴
731 427 883 487 νειτοα

319 597 402 687 πρὸς
423 589 500 680 τούς
520 590 710 687 βαρβάρους
729 604 871 686 μετρίως
891 597 1100 689 ἐφρόντιζεν,
1122 602 1274 690 έπειράτο

320 703 357 773 δὲ
370 707 581 770 οἰκειοῦσθαι
594 693 635 770 τά
647 701 886 789 στρατεύματα,
894 702 950 770 καλ
959 700 1084 782 πάντας
1092 698 1274 773 ἀνέπειθεν

320 809 353 886 ἐς
368 795 471 875 αύτδν
485 806 621 893 βλέπειν
634 803 755 891 μόνον,
776 804 897 892 ἐμνᾶτό
916 831 951 873 τε
964 806 1064 873 παντὶ
1082 804 1196 898 τρόπω
1215 804 1275 894 τὴν

290 930 307 981 2
321 914 515 999 μοναρχίαν,
530 906 719 995 διαβάλλων
731 905 791 974 τὸν
806 904 963 995 άδελφόν.
1016 903 1034 976 ὁ
1049 908 1087 977 δὲ
1100 907 1208 998 πατὴρ
1223 912 1275 979 έπλ

318 1009 405 1081 πολύ
419 1018 529 1079 νοσών
542 1008 691 1097 καὶπρὸς
703 1006 762 1078 τόν
775 1010 925 1080 θάνατον
934 1010 1116 1098 βραδύνων
1126 1010 1273 1101 ἐπαχθὴς
1289 1037 1301 1074 τ

318 1112 409 1207 αύτῷ
422 1115 478 1182 καί
492 1109 631 1203 ὀχληρός
645 1115 815 1201 ἐφαίνετο·
837 1110 998 1184 άνέπειθέ
1015 1140 1051 1182 τε
1071 1114 1208 1204 ἰατρούς
1222 1117 1276 1185 καλ

318 1214 484 1304 ὑπηρέτας
504 1222 734 1303 κακουργῆσαί
758 1243 790 1285 τι
812 1219 888 1304 περὶ
915 1208 976 1304 την
1003 1224 1191 1304 θεραπείαν
1217 1226 1275 1288 τού

318 1323 491 1409 γέροντος,
512 1315 557 1399 ώς
578 1314 620 1388 άν
646 1326 771 1388 θάττον
797 1316 903 1389 αύτού
931 1316 1148 1409 ἀπαλλαγείη.
1186 1318 1275 1409 πλὴν

319 1421 402 1492 άλλά
416 1422 510 1510 μόλις
523 1422 603 1491 ποτὲ
617 1428 779 1510 Σεεῆρος,
798 1422 887 1512 λύπη
901 1421 937 1491 τὸ
953 1430 1108 1492 πλεῖστον
1124 1430 1274 1512 διαφθα-

318 1533 405 1615 ρείς,
422 1522 631 1594 ἀνεπαύσατο
646 1532 704 1594 τοῦ
718 1532 813 1613 βίου,
828 1523 1024 1608 ἐνδοξότατα
1039 1526 1180 1615 βιώσας,
1196 1524 1274 1596 ὅσον
1291 1548 1311 1587 1⁰

288 1627 401 1722 σωρὸς
415 1627 454 1698 τά
476 1629 654 1717 πολεμικά,
674 1635 742 1698 τών
762 1628 896 1698 πώποτε
916 1631 1099 1717 βασιλέων·
1118 1627 1198 1699 ούτε
1213 1629 1274 1719 γάρ

314 1733 465 1821 ,ἐμφύλια
480 1729 553 1801 κατ’
577 1736 709 1820 ἐγθρών
729 1727 808 1800 ούτε
828 1734 905 1814 ξένα
922 1730 1004 1800 κατά
1025 1732 1208 1822 βαρβάρων
1221 1761 1275 1802 το-

319 1835 425 1904 σαῦτά
440 1863 488 1915 τις
501 1834 566 1923 πρὸ
580 1831 685 1904 αὐτοῦ
708 1832 822 1922 ἤγειρε
843 1834 995 1923 τρόπαια.
1023 1835 1226 1923 βασιλεύσας
1239 1836 1275 1905 δὲ

268 1934 570 2023 ηξξξόκτωκαίδεκα
585 1945 692 2006 ἔτεσιν
700 1940 755 2006 ἐπὶ
764 1939 858 2005 παισὶ
865 1945 1014 2018 νεανίαις
1023 1938 1190 2026 διαδόχοις
1198 1936 1273 2008 άνε-

320 2040 487 2126 παύσατο,
510 2039 658 2127 χρήματά
678 2068 712 2108 τε
733 2036 847 2119 αὐτοῖς
863 2038 1055 2109 καταλιπών
1079 2039 1140 2111 ὅσα
1160 2045 1274 2130 μηδεὶς
1289 2063 1310 2103 ¹⁵

319 2142 461 2229 πώποτε,
471 2145 527 2212 καὶ
541 2142 686 2231 δύναμιν
698 2151 910 2231 στρατιωτῶν
923 2141 1225 2232 άνανταγώνιστον.

289 2263 307 2314 4
421 2242 439 2314 ὁ
454 2246 492 2315 δὲ
508 2243 704 2325 Ἀντωνίνος
718 2253 778 2314 τοῦ
793 2245 916 2334 πατρὸς
929 2244 1160 2329 ἀποθανόντος
1173 2248 1273 2337 λαβό-

321 2375 419 2436 μενος
438 2351 605 2436 ἐξουσίας,
629 2345 736 2429 εὐθὺς
755 2345 817 2436 ἀφ’
842 2352 951 2430 ἑστίας
970 2349 1095 2431 πάντας
1114 2350 1273 2438 φονεύειν

320 2450 455 2542 ἤρξατο,
478 2452 556 2533 τούς
582 2479 617 2520 τε
638 2450 772 2540 ίατρούς
790 2448 937 2540 άνελών,
959 2461 995 2522 οἳ
1010 2452 1055 2540 μὴ
1076 2450 1273 2542 ὑπήκουσαν

320 2553 411 2648 αύτῷ
425 2555 620 2626 κελεύσαντι
635 2562 863 2643 κακουργῆσαι
876 2557 932 2624 καί
947 2554 1004 2627 τόν
1017 2553 1167 2626 θάνατον
1183 2561 1271 2628 ἐκεῖ·
1286 2578 1306 2617 w

320 2663 372 2741 ξαι
399 2668 458 2728 τοῦ
484 2662 657 2748 γέροντος,
677 2660 754 2740 τούς
776 2687 812 2728 τε
840 2674 980 2746 τροφεῖς
1001 2657 1107 2728 αὑτοῦ
1132 2664 1191 2729 καὶ
1217 2667 1273 2730 τού

322 2759 483 2849 ιἰδελφού,
494 2760 608 2850 ἐπειδὴ
620 2764 834 2851 προσέκειντο
843 2768 1061 2847 λιπαροῦντες
1070 2759 1176 2831 αύτὸν
1191 2759 1271 2849 ὑπὲρ

322 2860 494 2952 ὁμονοίας·
510 2862 633 2933 οὐδένα
649 2864 686 2935 δὲ
708 2876 799 2934 είασε
813 2867 1048 2953 περιγενέσθαι
1062 2872 1130 2933 τών
1144 2870 1183 2934 έν
1200 2874 1272 2955 τιμῇ

288 2994 305 3044 5
320 2969 510 3054 γενομένων
523 2963 544 3054 ἢ
557 2974 791 3058 θεραπείητού
801 2969 966 3055 γέροντος.
1020 2973 1089 3059 ίδίρι
1104 2995 1141 3037 τε
1155 2970 1272 3058 δώροις

321 3070 377 3137 καί
390 3069 546 3157 μεγάλαις
554 3065 750 3157 ὑποσχέσεσι
763 3069 842 3150 τούς
851 3077 918 3138 τών
928 3074 1162 3158 στρατοπέδων
1171 3069 1271 3161 ἡγου-
1285 3095 1303 3138 ν

321 3173 442 3259 μένους
464 3171 686 3259 ἐθεράπευεν,
709 3168 799 3252 ὅπως
819 3169 1034 3243 άναπείσειαν
1054 3172 1113 3243 τόν
1133 3175 1273 3266 στρατὸν

321 3270 492 3357 άποδεῐξαι
512 3271 616 3362 μόνον
643 3271 887 3364 αὐτοκράτορα,
915 3278 971 3345 καὶ
992 3285 1102 3347 πάσαν
1124 3276 1274 3367 μηχανὴν

321 3375 405 3445 κατά
418 3383 478 3446 τοῦ
493 3374 644 3466 άδελφοῦ
659 3378 770 3466 ἐζήτει.
797 3374 838 3447 ού
851 3371 917 3467 μὴν
931 3387 1047 3450 ἔπειθε
1061 3380 1097 3450 τὸ
1114 3403 1273 3470 στρατιω-

322 3479 431 3548 τικόν·
449 3484 649 3569 μεμνημένοι
664 3481 701 3550 δὲ
714 3488 775 3551 τοῦ
789 3483 963 3572 Σεεήρου,
985 3485 1041 3553 καλ
1057 3479 1109 3554 ὅτι
1129 3481 1273 3573 άμφοτέ-

323 3610 402 3671 ρους
416 3592 509 3664 ίσους
522 3582 564 3673 δη
579 3588 615 3653 έκ
629 3589 760 3682 παίδων
774 3589 1047 3677 παραθρέφειαν,
1071 3597 1148 3677 ίσην
1162 3586 1306 3668 αύτοίςιι

289 3700 306 3753 6
321 3683 508 3775 ὑπηρεσίαν
521 3689 577 3756 καὶ
592 3684 729 3757 εὔνοιαν
743 3697 949 3777 παρείχοντο.
980 3686 997 3759 ὁ
1014 3691 1051 3759 δὲ
1066 3686 1271 3776 Ἀντωνῖνος,

310 3792 388 3858 ἐπεί
395 3787 447 3879 μή
465 3791 651 3882 προεχώρει
666 3788 756 3886 αύτῷ
770 3791 810 3862 τά
827 3798 894 3861 τών
909 3795 1158 3883 στρατοπέδων,
1179 3818 1272 3866 σπει-
