3134 4367
343 444 384 507 60
706 448 932 508 AEYTEPON

313 622 399 697 σκαλ
413 619 567 712 δυσβάτῳ
581 619 706 710 φράξας
714 619 775 709 τὴν
789 616 895 708 άρχῆν
908 617 1118 709 ώχυρώσατο.
1140 615 1227 688 ὅθεν
1239 617 1298 688 τὸν

341 730 495 812 Σευῆρον
514 724 695 807 προσιόντα
711 724 965 811 πυνθανόμενοι
985 722 1058 791 τότε
1073 720 1295 809 μετάτοσοό-

341 852 401 896 του
414 835 556 916 στρατοῦ
573 826 706 907 εἰκότως
720 827 932 915 ἐταράττοντο
946 834 991 918 τῷ
1006 823 1105 914 άῆθει
1114 832 1174 893 τοῦ
1188 825 1297 914 πράγ-

340 952 457 1018 ματος·
472 926 551 999 οὔτε
565 930 602 998 δὲ
611 927 803 1017 ἀντιστῆναι
817 924 839 1017 ῆ
852 937 1000 998 κωλῦσαι
1014 929 1172 1016 ἐτόλμων,
1187 924 1297 1017 ὑπῆν-

340 1061 408 1102 των
422 1033 459 1101 δδ
479 1040 777 1121 δαφνηφοροῦντες
797 1035 853 1101 καλ
872 1032 992 1113 πάλαις
1008 1029 1323 1120 άναπεπταμέναιςτ

340 1139 503 1224 ἐδέχοντο.
530 1132 550 1205 δ
564 1136 601 1205 δέ
616 1142 774 1206 τοσοῦτον
790 1132 974 1205 άνεπαόετο
987 1133 1069 1205 ὅσον
1082 1143 1300 1224 καλλιερῆσαί

338 1242 443 1309 τεκαὶ
457 1239 534 1320 τούς
548 1241 672 1327 δήμους
681 1255 885 1330 προσειπεῖν,
895 1243 927 1319 ἐς
936 1239 974 1308 δὲ
986 1238 1048 1326 τῆν
1059 1235 1186 1327 Ῥώμην
1199 1237 1296 1328 ῆπεί-

338 1371 425 1431 γετο.

305 1462 322 1517 7
440 1440 484 1525 ώς
494 1444 531 1513 δὲ
540 1451 644 1513 ταῦτα
653 1451 699 1537 τῷ
707 1441 876 1536 Ἰουλιανῷ
886 1441 1120 1533 ἀπηγγέλλετο,
1130 1448 1166 1513 ἐν
1176 1445 1295 1535 ἐσχάτη

337 1546 526 1637 ἀπογνώσει
540 1538 592 1635 ῆν,
607 1555 668 1617 τοῦ
682 1548 744 1636 μὲν
753 1545 939 1637 Ἰλλυρικοῦ
953 1555 1096 1635 στρατοῦ
1110 1546 1172 1635 τῆν
1188 1548 1295 1618 δάνα-
1313 1576 1336 1616 ιο

336 1680 395 1741 μιν
410 1654 466 1722 καλ
480 1650 516 1720 τό
531 1658 661 1738 πλῆθος
675 1648 827 1739 άκοόωυ,
842 1648 920 1720 οὔτε
937 1651 974 1720 δὲ
989 1658 1033 1743 τῷ
1048 1651 1141 1743 δῆμςο
1157 1651 1296 1721 πιστεύ-

337 1784 402 1844 ων,
427 1757 499 1826 ἐπεὶ
517 1762 691 1843 μεμίσητο,
711 1751 789 1824 οὔτε
811 1769 878 1833 τοῖς
898 1749 1114 1842 στρατιώταις
1140 1762 1293 1843 θαρρῶν,

336 1854 395 1940 οδς
409 1866 561 1940 ἔψευστο.
593 1857 742 1945 χρήματα
757 1855 798 1945 δῆ
815 1858 922 1926 πάντα
942 1855 1111 1944 άθροίζων
1124 1853 1165 1925 τά
1180 1885 1215 1926 τε
1229 1854 1294 1927 αὖ·

274 2046 276 2054 .
336 1967 397 2030 τοῦ
410 1964 466 2029 καὶ
480 1957 570 2049 παρά
583 1966 651 2028 τών
665 1968 791 2048 φίλων,
806 1962 861 2028 καὶ
874 1970 907 2028 εί
916 1988 990 2028 τινα
1004 1952 1057 2049 ῆν,
1072 1964 1108 2028 ἐκ
1123 1966 1296 2048 δημοσίων

336 2066 393 2134 καλ
411 2069 512 2154 ίερών
527 2062 639 2131 τόπων
654 2062 851 2152 λαμβάνων,
871 2078 938 2143 τοῖς
952 2062 1166 2150 στρατιώταις
1180 2066 1295 2133 διανὲ-
1312 2087 1334 2128 ιι

304 2195 411 2256 ςμειν
424 2171 595 2256 ἐπειρᾶτο,
610 2162 655 2246 ώς
668 2161 711 2234 άν
727 2166 881 2253 κτήσαιτο
894 2164 956 2253 τῆν
971 2164 1107 2236 εὔνοιαν
1122 2163 1246 2236 αὐτῶν.
1263 2175 1299 2237 οἳ

336 2273 390 2357 δέ,
405 2276 512 2339 καίτοι
535 2267 662 2357 μεγάλα
681 2269 923 2357 λαμβάνοντες,
945 2270 1041 2358 χάριν
1061 2265 1123 2339 οὐκ
1143 2266 1286 2359 ῆδεσαυ·

333 2369 467 2462 ὄφλημα
481 2370 544 2461 γάρ
559 2369 663 2440 αὐτὸν
674 2368 853 2461 χάποτίνειν
872 2369 945 2440 ἀλλ’
969 2369 1010 2442 οὐ
1025 2371 1157 2462 δωρεάν
1173 2376 1289 2451 διανί-

333 2504 410 2566 μειν
427 2481 623 2565 ἐλογίζοντο.

436 2577 454 2650 ό
475 2581 513 2650 δὲ
532 2574 725 2667 Ἰουλιανός,
746 2585 854 2647 καίτοι
875 2578 1177 2667 συμβουλευόντων
1196 2575 1291 2674 αὐτῷ
1306 2617 1331 2657 2⁰

332 2692 525 2773 τῶνφίλων
547 2688 718 2772 ἐξαγαγεῖν
739 2681 776 2753 τό
798 2682 1035 2772 στρατιωτικόν
1055 2683 1111 2752 καλ
1130 2680 1171 2750 τά
1190 2682 1292 2753 στενὰ

331 2795 400 2856 τῶν
413 2786 568 2857 ’Ἁλπεων
586 2795 853 2875 προκαταλαβεῖν
865 2791 1070 2876 -μέγιστα
1091 2790 1203 2857 ἐκεῖνα
1216 2785 1291 2877 όρη,

332 2891 389 2958 καὶ
403 2885 457 2957 οἷα
473 2886 536 2958 οὐκ
554 2887 636 2958 άλλα
651 2894 688 2958 ἐν
697 2898 737 2979 τῆ
753 2887 834 2959 καθ’
851 2887 935 2978 ῆμᾶς
945 2898 997 2979 γῆ,
1012 2894 1050 2958 ἐν
1064 2899 1195 2976 τείχους
1210 2890 1292 2978 σχῆ-

331 3018 409 3080 ματι
429 2998 611 3079 περίκειται
628 2993 685 3060 καὶ
703 2994 927 3081 προβέβληται
945 2990 1098 3081 Ἰταλίας,
1113 2996 1170 3062 καλ
1191 3002 1291 3063 τοῦτο

330 3092 413 3183 μετά
427 3102 484 3182 τῆς
498 3091 599 3181 άλλης
613 3090 828 3182 εὐδαιμονίας
841 3093 1072 3185 παρασχούσης
1086 3103 1142 3183 τῆς
1152 3096 1288 3184 φύσεως
1302 3130 1331 3181 ¹2⁵

327 3193 539 3283 Ἰταλιώταις,
554 3204 660 3287 ἔρυμα
674 3194 841 3285 άρρηκτόν
858 3225 892 3266 τε
908 3201 964 3267 καλ
979 3253 987 3267 .
1004 3253 1011 3266 .
1027 3196 1140 3268 αὐτών
1162 3208 1289 3289 προβε-

330 3306 494 3389 βλῆσθαι,
522 3297 587 3369 άπό
614 3305 671 3387 τῆς
691 3296 842 3393 άρκτώας
865 3303 1036 3390 θαλάσσης
1052 3304 1106 3372 ε’πλ
1126 3300 1189 3391 τῆν
1206 3300 1291 3393 πρός

299 3410 539 3493 σμεσημβρίαν
560 3406 751 3493 βλέπουσαν
775 3411 902 3493 διῆκον.
955 3403 1030 3476 ἀλλ’
1048 3403 1129 3475 οὐδὲ
1146 3414 1205 3495 τῆς
1226 3406 1291 3476 πό-

330 3517 413 3587 λεως
427 3516 608 3595 προελθεῖν
620 3504 798 3589 Ἰουλιανός
813 3508 947 3596 ἐτόλμα·
963 3512 1124 3598 διέπεμπί
1142 3537 1196 3596 τε,
1216 3516 1286 3578 τῶν

330 3617 541 3699 στρατιωτῶν
555 3609 711 3699 δεόμενος
725 3607 923 3696 όπλίζεσθαί
932 3640 968 3682 τε
978 3615 1032 3682 καλ
1044 3611 1284 3701 γυμνάζεσθαι,
1304 3649 1328 3691 η

328 3711 393 3804 πρὸ
409 3716 447 3785 δέ
460 3721 517 3802 τῆς
534 3712 661 3795 πόλεως
674 3714 825 3805 τάφρους
843 3716 1040 3804 διορύττειν.
1059 3718 1115 3785 καλ
1128 3717 1190 3806 τῆν
1204 3713 1288 3805 πρὸς

310 3818 608 3911 Σεαῇρονβιαχην
628 3813 675 3901 ώς
693 3822 731 3891 ἐν
755 3828 796 3915 τῆ
815 3816 909 3893 πόλει
937 3821 1157 3910 ποιησόμενος
1182 3850 1287 3916 παρε-
