3134 4367
317 400 357 462 32
528 374 533 385 '
571 425 574 432 ·
705 400 881 461 υεωνοα

317 581 363 665 πῆ
376 573 538 664 βούλησιν
551 570 657 642 αὐτοῦ
669 570 709 641 τά
728 579 844 662 πρῶτα
863 571 1028 663 ἐλιπάρει,
1049 574 1105 641 καλ
1126 578 1269 664 προσπί-

312 700 445 758 πτουσα
458 674 539 765 μετά
554 675 711 766 δακρύων
725 679 831 746 ἐδεῖτο
850 675 932 766 μῆτε
948 674 1010 765 τὴν
1025 671 1195 765 Ῥωμαίων
1209 673 1269 766 ἀρ-

234 837 237 841 .
316 780 379 872 χὴν
391 787 596 870 καθυβρίσαι
610 776 692 870 μήθ’
709 778 831 850 ἑαυτὸν
838 779 996 849 ἐπιδόντα
1004 780 1201 868 μονομάχοις
1215 780 1271 847 καὶ

286 883 586 974 5ἀπεγνωσμένοις
617 881 812 974 ἀνθρώποις
844 888 1073 954 κινδυνεύσαι.
1133 884 1207 952 ἐπεὶ
1234 882 1272 951 δὲ

315 986 421 1060 πολλά
441 987 635 1057 ίκετεύουσα
653 985 716 1056 ούκ
737 988 919 1075 ἐτύγχανεν
937 983 1060 1073 αὐτοῦ,
1079 982 1101 1077 ἣ
1119 986 1188 1080 μὲν
1209 991 1268 1054 δα·
1287 1005 1300 1045 ⁵

313 1092 463 1183 κρύουσα
489 1088 631 1179 ἀπέστη,
658 1087 675 1159 ό
703 1091 740 1161 δὲ
773 1089 948 1180 Κόμμοδος
974 1089 1272 1179 μεταπεμψάμενος

313 1206 438 1267 Λαῖτον
458 1192 517 1264 τόν
537 1201 682 1285 ἔπαρχον
698 1201 767 1265 τῶν
788 1197 1023 1285 στρατοπέδων
1034 1191 1215 1263 Ἕκλεκτόν
1235 1219 1271 1261 τε

312 1298 372 1370 τόν
390 1304 452 1367 τού
472 1297 628 1386 θαλάμου
648 1304 838 1387 προεστῶτα
867 1302 1021 1368 ἐκέλευεν
1046 1293 1136 1391 αύτῷ
1161 1323 1269 1386 παρα-

314 1406 544 1489 σκευασθῆναι
560 1396 603 1480 ὡς
617 1400 907 1491 διανυκτερεύσων
921 1405 1017 1492 ἐντῷ
1035 1406 1103 1471 τῶν
1122 1398 1268 1489 μονομά-

313 1534 384 1595 χων
408 1513 604 1598 καταγωγίῳ
631 1501 792 1575 κάκεῖθεν
819 1503 1101 1595 προελευσόμενος
1132 1504 1187 1573 ἐπὶ
1213 1499 1271 1581 τάς
1289 1519 1308 1559 lt

314 1616 438 1688 θυσίας
451 1614 508 1696 τῆς
523 1613 722 1709 ἱερομηνίας,
737 1604 781 1690 ὥς
796 1605 964 1697 Ῥωμαίοις
979 1613 1117 1687 ἔνοπλος
1131 1605 1268 1695 ὀφθείη.

314 1720 348 1783 οἳ
361 1714 398 1782 δὲ
413 1713 562 1782 ἱκέτευον
575 1714 631 1781 καὶ
652 1720 788 1783 πείθειν
806 1716 988 1803 ἐπειρῶντο
1008 1711 1113 1800 μηδὲν
1132 1708 1270 1792 ἀνάξιον

267 1822 371 1905 17τῆς
384 1823 553 1905 βασιλείας
566 1832 685 1886 ποιεῖν.
737 1813 754 1887 ὁ
770 1817 809 1886 δὲ
818 1817 993 1905 Κόμμοδος
1006 1812 1179 1902 ἀσχάλλων
1193 1810 1270 1892 τούς

314 1920 376 2008 μὲν
397 1916 629 2006 ἀπεπέμψατο,
643 1917 742 2000 αὐτὸς
763 1920 801 1989 δὲ
820 1916 1019 1989 έπανελθων
1045 1921 1078 1998 ές
1097 1915 1134 1987 τό
1156 1916 1268 2004 δωμά-

313 2050 387 2091 τιον
401 2016 444 2101 ως
459 2020 500 2109 δη
514 2022 738 2112 καθευδήσων
756 2024 827 2107 (καὶ
846 2021 909 2113 γὰρ
931 2028 1134 2111 μεσημβρίας
1154 2020 1269 2089 είοίθει
1288 2043 1308 2083 ιε

313 2117 412 2195 τούτο
425 2130 560 2212 ποιεῖν),
574 2124 689 2213 λαβύν
701 2143 925 2215 γραμματεῖον
938 2125 1067 2195 τούτων
1087 2122 1129 2213 δὴ
1144 2129 1213 2192 τῶν
1234 2126 1271 2192 ἐκ

314 2228 459 2318 φιλύρας
473 2231 505 2308 ἐς
519 2229 700 2318 λεπτότητα
718 2226 916 2318 ἠσκημένων
937 2228 1110 2322 ἐπαλληλφ
1129 2254 1165 2295 τε
1186 2224 1268 2296 ἀνα-

313 2332 427 2402 κλάσει
442 2329 685 2422 ἀμφοτέρωθεν
698 2335 933 2421 ἐπτυγμένων,
953 2332 1075 2421 γράφει
1095 2329 1194 2410 ὅσους
1207 2329 1270 2419 χρὴ

282 2454 300 2505 2
315 2442 372 2527 τῆς
384 2432 505 2515 νυκτός
518 2441 741 2524 φονευθῆναι.
796 2427 844 2505 οἷν
857 2435 970 2526 πρώτη
985 2437 1046 2525 μὲν
1060 2426 1103 2524 ἦν
1116 2442 1268 2523 Μαρκία,

270 2600 272 2603 .
313 2546 447 2610 εἵποντο
468 2538 505 2608 δὲ
524 2538 645 2620 Λαῖτός
664 2567 700 2608 τε
718 2542 775 2608 καὶ
792 2538 984 2626 Ἕκλεκτυς,
1006 2540 1060 2608 ε’πὶ
1082 2538 1119 2607 δὲ
1137 2536 1268 2616 τούτοις
1285 2564 1308 2603 νο

243 2665 244 2668 ’
313 2641 399 2727 πολύ
413 2648 542 2732 πλῆθος
555 2648 624 2723 τῶν
635 2649 693 2732 τῆς
706 2644 895 2733 συγκλήτου
912 2641 1164 2731 πρωτευόντων.
1192 2639 1270 2720 τούς

311 2749 373 2837 μὲν
386 2744 449 2837 γάρ
463 2751 709 2838 πρεσβυτέρους
723 2751 779 2817 καὶ
799 2746 935 2828 λοιπούς
955 2744 1129 2838 πατρῴους
1148 2752 1269 2832 φίλους

312 2848 609 2920 ἀποσκευάσασθαι
631 2850 757 2931 πάντας
788 2849 928 2939 ἤθελεν,
956 2849 1153 2937 αἰδούμενος
1180 2854 1269 2935 ἔχειν

313 2957 460 3043 αίσχρων
478 2957 587 3041 ἔργων
606 2952 748 3042 σεμνούς
769 2953 928 3033 ἐπόπτας·
949 2958 1018 3022 τῶν
1038 2954 1075 3022 δὲ
1095 2959 1268 3022 πλουσίων

313 3054 370 3136 τάς
388 3052 504 3135 οὐσίας
522 3063 724 3144 χαρίσασθαι
746 3057 901 3143 ἐβούλετο
921 3064 1053 3145 μερίσαι
1073 3083 1109 3125 τε
1135 3058 1168 3135 ἐς
1187 3053 1265 3134 τούς
1282 3087 1307 3128 ετ

313 3157 514 3248 στρατιώτας
536 3160 593 3227 καὶ
617 3156 695 3239 τούς
716 3164 1002 3249 μονομαχούντας,
1030 3157 1107 3239 τούς
1128 3159 1190 3248 μὲν
1211 3163 1268 3227 ἵνα

283 3286 301 3339 3
316 3261 517 3351 φυλάττοιεν
530 3258 643 3348 αὐτόν,
657 3260 735 3342 τούς
748 3263 786 3332 δὲ
799 3269 855 3333 ἴνα
867 3264 1031 3353 τέρποιεν.
1081 3261 1212 3352 γράψας
1227 3259 1268 3350 δη

312 3370 538 3456 γραμματεῖον
550 3372 687 3453 τίθησιν
700 3368 754 3435 ἐπὶ
767 3374 827 3461 τού
841 3373 1039 3454 σκίμποδος,
1062 3367 1190 3455 οίηθεὶς
1203 3394 1265 3454 μη-

313 3472 395 3539 δένα
409 3471 516 3538 ἐκεῖσε
530 3470 796 3552 εἰσελεύσεσθαι,
819 3462 862 3560 ἦν
882 3470 919 3541 δὲ
939 3478 1075 3541 παιδίον
1096 3469 1186 3540 πάνυ
1206 3469 1265 3557 νή·

294 3602 410 3659 ,πιον,
423 3572 552 3643 τούτων
566 3571 607 3662 δὴ
620 3579 689 3642 των
702 3580 841 3663 γυμνῶν
854 3575 916 3663 μὲν
936 3577 1074 3663 ἐσθῆτος
1086 3579 1207 3666 ,χρυσῷ
1228 3572 1265 3641 δὲ
1282 3604 1308 3643 ω

313 3680 369 3748 καὶ
382 3684 493 3757 λίθοις
505 3684 698 3765 πολυτίμοις
708 3682 975 3768 κεκοσμημένων,
990 3672 1041 3768 οἷς
1048 3673 1266 3772 ἀείχαίρονσι

303 3777 477 3867 Ῥωμαιων
497 3785 534 3850 οί
556 3786 759 3880 τρυφῶντες.
807 3778 1006 3872 ὑπερηγάπα
1027 3779 1064 3849 δὲ
1089 3780 1266 3870 Κόμμοδος
