3134 4367
704 425 851 485 ΕΚΤΟΝ
1198 422 1257 485 153

298 602 367 665 τῶν
381 599 495 664 ἵππων
513 591 769 684 άποβαίνοντες,
791 592 843 664 άελ
864 593 902 664 δὲ
923 590 1036 675 αὐτοῖς
1054 575 1218 684 χρεόμενοι
1236 594 1259 687 ἢ

298 695 383 769 κατά
396 705 566 785 πολεμίων
579 694 600 786 ἦ
613 695 697 768 κατά
709 705 853 786 θηρίων.

397 797 616 890 Ἀλέξανδρος
635 802 698 889 μέν
711 792 790 889 οὐν,
812 797 856 881 ὡς
876 795 976 892 ᾤετο,
997 794 1114 886 άριστα
1134 803 1257 891 βεβοά-

300 913 414 974 λευτο·
430 912 556 993 ἔσφηλε
570 905 607 974 δέ
621 902 728 973 αὐτοῦ
741 902 803 992 την
818 903 955 992 γνιόμην
976 897 997 989 ἡ
1016 900 1107 992 τάχη.
1134 902 1171 973 τό
1191 907 1253 994 μέν
1271 924 1289 975 5

271 1006 362 1095 5yo'cp
377 1008 538 1096 πεμφθὲν
558 1004 604 1077 δι’
624 1005 796 1095 Ἀρμενίας
815 1004 1067 1093 στρατιωτικόν,
1089 1007 1183 1094 μόλις
1202 1011 1259 1077 καὶ

298 1118 449 1197 χαλεπῶς
463 1106 657 1202 ὑπερβαλόν
670 1108 712 1180 τά
731 1117 788 1199 τῆς
808 1110 916 1200 χώρας
934 1105 996 1196 όρη
1016 1109 1203 1197 τραχύτατά
1223 1138 1258 1180 τε

298 1210 380 1283 ὅντα
395 1215 740 1303 καδκρημνωδέστατα
750 1212 909 1302 (πλὴνέτι
925 1215 1051 1299 θέρους
1068 1208 1163 1293 όντος
1179 1210 1259 1283 άνε-

299 1315 529 1405 κτηνείχετην
541 1320 706 1407 πορείαν),
717 1314 864 1405 ἐμβαλὸν
878 1320 911 1397 ές
925 1314 987 1404 την
998 1315 1133 1404 Μήδων
1145 1315 1259 1405 χάραν

299 1419 441 1510 ἐπόρθει
454 1447 490 1489 τε
503 1417 610 1509 αὐτὴν
628 1421 685 1489 καὶ
706 1417 831 1500 πολλάς
851 1422 1012 1506 ἐνέπρησε
1032 1418 1145 1507 κόμας
1165 1427 1260 1490 λείαν

263 1555 286 1595 ιι
300 1548 335 1591 τε
348 1519 532 1611 ἀπήγαγεν.
561 1520 579 1593 ό
594 1523 632 1592 δὲ
643 1524 776 1612 Πέρσης
790 1520 912 1610 μαθιόν
926 1518 1075 1611 ἐπήμυνε
1092 1520 1177 1592 κατά
1195 1524 1259 1593 δά-

298 1652 418 1714 ναμιν,
435 1622 609 1714 ἀπείργειν
622 1626 660 1695 δέ
673 1623 752 1706 τούς
766 1621 946 1714 Ῥωμαίους
961 1620 1003 1694 οὐ
1017 1626 1107 1694 πάνυ
1127 1654 1159 1694 τι
1178 1627 1260 1696 ἐδά-

299 1750 395 1797 νατο·
416 1745 551 1817 τραχεῖα
564 1727 629 1819 γάρ
643 1719 728 1797 οὐσα
748 1724 768 1817 ἡ
791 1728 883 1820 χώρα
902 1744 970 1807 τοῖς
990 1727 1052 1814 μὲν
1071 1737 1179 1813 πεζοῖς
1200 1732 1290 1801 καλό

298 1828 362 1918 τὴν
375 1831 475 1921 βάσιν
490 1829 620 1921 εὐπαγῆ
634 1827 767 1920 καλιὴν
782 1838 924 1918 πορείαν
944 1828 1071 1919 εὐμαρῆ
1090 1848 1259 1921 παρεῖχεν,

298 1930 320 2021 ἡ
338 1931 370 2004 δ’
388 1939 488 2017 ἵππος
502 1934 764 2026 τῶνβαρβάρων
785 1930 851 2005 ὐπὸ
870 1940 928 2022 της
941 1941 1009 2004 τῶν
1029 1930 1120 2023 ,ὀρῶν
1136 1935 1261 2025 τραχύ-

264 2063 285 2102 ιε
302 2065 398 2125 τητος
411 2034 498 2127 ὁμοῦ
506 2041 563 2108 καί
571 2036 654 2128 πρός
667 2038 795 2127 δρόμον
808 2042 954 2125 ἐπείχετο
969 2038 1025 2107 καὶ
1035 2040 1261 2110 καθιππεύειν

298 2135 321 2228 ἦ
343 2143 472 2211 ἐπιέναι
500 2142 673 2211 ἐκωλύετο.
701 2132 786 2229 ἧκον
811 2144 852 2211 δέ
873 2169 961 2222 τινες
980 2136 1195 2229 άγγέλλοντες
1210 2151 1260 2236 ,τῷ

299 2245 415 2335 Πέρση
431 2240 476 2326 άς
495 2242 559 2335 άρα
577 2252 729 2333 φαίνοιτο
746 2241 915 2333 Ῥωμαίων
937 2242 1075 2333 στρατός
1094 2248 1205 2335 ἕτερος
1222 2251 1260 2317 ἐν

299 2362 368 2428 τοῖς
384 2346 479 2441 ἑηόοις
492 2352 606 2437 μέρεσι
618 2356 848 2436 Παρθυαίων,
863 2348 904 2417 τά
923 2376 959 2417 τε
979 2353 1080 2417 πεδία
1098 2353 1259 2437 κατατρέ-

298 2472 405 2536 χουσι.
458 2452 576 2541 διόπερ
595 2454 759 2541 φοβηθεὶς
778 2456 905 2532 ἐκεῖνος
925 2449 968 2539 μη“
990 2448 1031 2521 τά
1049 2453 1086 2519 ἐν
1104 2452 1289 2539 Πάρθοις7

260 2573 285 2615 ²⁰
301 2555 427 2644 ῥᾳδίως
440 2550 674 2643 ’λυμηνάμενοι
695 2558 728 2635 ἐς
752 2556 885 2643 Πέρσας
912 2553 1096 2641 ἐμβάλωσι,
1123 2562 1260 2622 καταλι-

298 2652 374 2725 πω’ν
386 2684 462 2727 τινα
476 2658 640 2746 δύναμιν,
657 2653 740 2744 όσην
756 2653 906 2745 αὐτάρκη
924 2652 1006 2749 ᾤετο
1021 2653 1165 2743 ῥύεσθαι
1178 2664 1260 2744 Μη-

298 2763 394 2847 δίαν,
415 2758 519 2842 ἀὐτὸς
540 2759 606 2830 σάν
627 2761 728 2829 παντὶ
749 2766 796 2853 τῷ
820 2766 949 2852 στρατῷ
972 2761 1004 2838 ές
1027 2754 1067 2826 τά
1089 2759 1155 2852 ἑῷα
1176 2760 1260 2849 μέρη

297 2858 464 2951 η’πείγετο.
504 2860 525 2954 ἡ
548 2864 586 2933 δὲ
605 2870 673 2933 τῶν
691 2858 860 2950 Ῥωμαίων
880 2860 1016 2952 στρατιά
1036 2859 1098 2950 τὴν
1119 2869 1260 2952 πορείαν

298 2961 519 3057 ἀμελέστερον
532 2971 674 3037 ἐποιεῖτο
687 2966 769 3055 μήτε
778 2964 869 3048 τινός
883 2967 1090 3054 φαινομένου
1103 2966 1184 3055 μήτε
1198 2964 1260 3036 άν-

260 3093 283 3135 τι
299 3076 478 3157 θεστῶτος,
488 3067 605 3159 η’λπιζέ
617 3098 653 3140 τε
666 3070 725 3140 τόν
735 3067 954 3158 Ἀλέξανδρον
963 3067 1028 3139 σὺν
1037 3075 1132 3160 τρίτη
1147 3077 1259 3163 μοίρᾳ,

297 3174 516 3262 γενναιοτάτη
532 3170 617 3265 οὐση
630 3177 687 3244 καὶ
704 3182 860 3262 μεγίστη,
875 3177 909 3253 ἐς
921 3176 1042 3261 μέσους
1057 3176 1259 3262 ἐμβεβληκέ-

296 3300 354 3343 ναι
377 3273 460 3361 τούςΙ
483 3274 690 3366 βαρβάρους,
718 3275 896 3357 αάκείνους
917 3274 1186 3363 άνθελαομένους
1206 3273 1259 3347 άεδ

297 3376 380 3467 πρὸς
394 3377 433 3448 τό
447 3382 609 3468 ἐνοχλοῦν
628 3382 845 3470 οχολαιτέραν
861 3376 1043 3459 αὐτοῖςκαὶ
1059 3375 1259 3472 άδεέστέραν

296 3483 455 3572 παρέξειν
468 3480 530 3571 τὴν
545 3489 681 3571 ἔφοδον.
712 3490 890 3572 προείρητο
904 3480 967 3571 γάρ
981 3490 1061 3551 πᾶσι
1074 3499 1144 3564 τοῖς
1157 3504 1291 3572 ema-8

262 3612 284 3655 α
299 3600 367 3666 τοῖς
380 3581 609 3676 ὐπερτρέχειν,
623 3587 680 3655 ιιαλ
692 3585 793 3665 τόπος
802 3581 923 3673 άόριστο
936 3589 969 3665 ἐς
982 3580 1023 3654 δν
1032 3582 1155 3665 αὐτοὺς
1174 3609 1258 3654 συν-

297 3695 413 3759 ελθεῖν
433 3695 519 3778 ἔδει,
539 3690 646 3760 πάντα
667 3686 708 3757 τά
727 3691 928 3777 ἐμπίπτοντα
947 3689 1004 3756 καὶ
1024 3692 1061 3757 ἐν
1080 3689 1168 3778 μέσφ
1189 3713 1259 3773 χεν-

296 3794 492 3882 ρουμένους.
508 3800 632 3883 ἔσφηλε
645 3792 684 3863 δέ
696 3788 821 3876 αὐτοδς
835 3787 854 3864 ό
867 3787 1090 3883 Ἀλέξανδρος
1104 3788 1189 3878 μήτε
1203 3794 1276 3856 ελο-
