3134 4367
325 418 364 480 50
692 416 914 477 ΔΕἸἼἘΡΟΝ

324 606 466 683 τρυφαῖς
481 586 607 667 εῦδέως
620 589 676 656 καὶ
690 587 888 677 κραιπάλαις
903 586 1066 676 ἐσχόλαζε,
1081 591 1121 677 τῇ
1135 588 1198 676 μὲν
1212 591 1282 657 τών

326 702 496 785 δημοσίων
509 696 679 782 ἐπιμελείᾳ
692 691 854 783 ῥαθύμως
874 690 1165 782 προσφερόμενος,
1189 694 1223 772 ἐς
1244 693 1281 761 δὲ

326 797 363 871 τδ
377 795 591 887 ἁβροδίαιτον
611 796 667 863 καλ
688 792 834 883 άσεμνον
855 793 991 875 ἐπιδοῦς
1013 793 1143 864 ἑαυτόν.
1184 792 1279 887 εὑρί-

327 902 425 973 σκετό
437 929 473 970 τε
487 902 542 969 καλ
555 897 633 978 τοῦς
646 898 848 1036 στρατιώτας
860 899 1069 1029 ψευσάμενος
1083 896 1170 967 καῖ’
1153 899 1280 989 απατή-

297 1027 314 1078 2
328 1028 387 1102 σας
400 1011 446 1099 τῷ
459 1033 503 1092 μη
491 996 699 1072 δύνασθαι
687 998 976 1090 ἄποπληρώσαι“
955 1032 975 1070 α
989 999 1172 1091 ὑπέσχητο
1202 1001 1281 1071 οῦτε
1298 1026 1310 1066 ι

327 1108 391 1200 γὰρ
405 1075 542 1177 άῖκοθεν
555 1096 598 1229 ήν
610 1110 754 1173 τοσαῦτα
769 1102 861 1198 αὐτῷ
869 1104 1019 1195 χρήματα
1028 1102 1089 1174 ὅσα
1103 1103 1282 1195 ήλαζονεῦ-

328 1235 423 1297 σατο,
438 1209 514 1280 οῦτε
528 1207 594 1298 μήν
613 1213 649 1277 οί
665 1208 820 1297 δημόσιοί
837 1236 869 1276 τι
889 1210 1056 1299 θησαυροὶ
1081 1209 1186 1297 εἶχον,
1202 1207 1286 1279 άλλά

329 1316 437 1387 πάντα
451 1314 680 1404 προκεκένωτο
693 1318 734 1401 τῇ
749 1311 931 1401 Κομμόδον
945 1310 1088 1404 άσωτείμ
1108 1311 1203 1381 καῖ’
1185 1343 1283 1401 αφει-

329 1422 402 1490 δέσι
423 1420 478 1486 καλ
502 1414 648 1506 ἀκρίτοις
670 1412 895 1504 ἀναλώμασιν.
950 1419 986 1484 ἐκ
1014 1416 1051 1484 δὲ
1080 1415 1201 1505 ταύτης
1227 1422 1285 1506 τής

327 1523 448 1610 τόλμης
461 1523 517 1589 καλ
530 1525 703 1608 τήςαίτίας
715 1525 796 1588 οἵτε
810 1525 1006 1608 στρατιῶται
1020 1523 1203 1607 σφαλέντες
1216 1527 1285 1590 τών
1303 1535 1326 1575 ¹⁰

328 1620 513 1699 ἐλπίδων’
494 1621 769 1712 νπηγανάκτονν,
791 1619 811 1690 ὅ
830 1650 866 1691 τε
887 1628 988 1753 δήμος
1010 1622 1210 1711 αἰσθόμενος
1229 1629 1287 1747 τής

329 1757 463 1819 γνωμης
476 1734 544 1797 τών
564 1733 776 1816 στρατιωτῶν
796 1725 886 1814 εἶχον
906 1730 942 1795 ἐν
962 1727 1226 1816 καταφρονήσει,
1243 1721 1287 1809 ώς

329 1833 489 1924 προϊόντα
509 1859 545 1899 τε
565 1835 674 1909 κακώς
700 1826 894 1953 ῦγορεῦειν,
916 1827 968 1899 ἐπ’
998 1836 1146 1919 αἰσχραῖς
1173 1834 1287 1900 τεκαὶ

295 1935 530 2025 3άμφιβόλοις
548 1929 685 2021 ἡδοναῖς
704 1932 881 2002 σκώπτειν.
935 1939 968 2013 ἔς
986 1961 1021 2001 τε
1042 1932 1101 2002 τδν
1123 1934 1285 2060 ίππόδρρ-

263 2094 265 2097 -
329 2067 403 2129 μον,
419 2035 504 2107 ὅπου
517 2036 657 2125 μάλιστα
670 2063 707 2104 το
696 2034 852 2125 πλῆθος
864 2034 984 2105 σννιόν
998 2036 1260 2125 ἐκκλησιάζει,
1227 2067 1286 2107 τον
1305 2049 1327 2089 ¹5

324 2139 507 2228 Ἰονλιανδν
521 2137 768 2228 ἐβλασφήμουν,
777 2137 910 2229 άρωγδν
924 2140 962 2209 δὲ
975 2146 1015 2229 τῇ
1024 2137 1192 2228 Ῥωμαίων
1206 2139 1290 2233 άρχή

212 2317 218 2331 ,
330 2248 387 2315 καλ
401 2249 523 2333 σεμνῆς
530 2250 701 2331 βασιλείας
711 2241 1041 2333 προστάτηνΝίγρον
1052 2247 1288 2331 ἐπεκαλοῦντο,

331 2357 473 2438 βοηθεῖν
485 2374 521 2415 τε
535 2343 639 2414 αῦτδν
657 2344 718 2434 τήν
731 2354 888 2435 ταχίστην
902 2344 1018 2435 ἠξίουν
1038 2344 1083 2428 ὦς
1104 2348 1290 2439 ε’φάβριστα

299 2452 526 2540 επάσχουσιν.
580 2441 624 2538 ἦν
645 2449 682 2518 δὲ
706 2445 724 2518 ὁ
745 2458 873 2539 Νίγρος
892 2456 960 2519 τών
983 2450 1046 2538 μὲν
1072 2450 1136 2542 πρὸ
1163 2459 1290 2522 πολλοῦ

330 2553 609 2638 ὑπατευσάντων,
624 2550 705 2622 καθ’
722 2549 762 2622 δν
776 2554 814 2622 δὲ
828 2552 946 2643 καιρδν
959 2551 999 2621 τά
1013 2557 1237 2644 προειρημένα
1252 2559 1289 2624 ἐν
1305 2579 1328 2619 ιο

328 2657 433 2748 Ῥώμη
448 2656 635 2748 ἐπράττετο,
649 2665 779 2747 Συρίας
792 2653 904 2747 ήγεῖτο
919 2657 1034 2745 πάσης,
1076 2656 1182 2747 πολλή
1197 2660 1235 2728 δὲ
1248 2651 1291 2748 ἦν

332 2765 389 2831 καὶ
402 2769 539 2850 μεγίστη
554 2758 636 2850 άρχή
651 2760 743 2848 τότε,
757 2768 818 2830 τοῦ
831 2790 866 2830 τε
881 2769 1050 2830 Φοινίκων
1065 2768 1188 2842 ἔθνους
1202 2789 1288 2831 παν-

332 2864 387 2943 τὸς
400 2866 456 2931 καλ
469 2869 526 2952 τής
545 2866 657 2951 με’χρις
670 2861 853 2953 Εὐφράτου
871 2869 931 2952 γής
945 2860 1011 2932 ῦπδ
1031 2871 1071 2954 τή
1084 2872 1218 2955 Νίγρον
1233 2864 1288 2936 611—

267 2973 272 2984 ’
302 2981 319 3034 5
334 2994 402 3036 των
420 2969 562 3054 ἐξουσία.
614 2957 658 3053 ἦν
677 2966 714 3034 δὲ
729 2964 828 3046 αῦτδς
840 2964 901 3053 τήν
915 2966 977 3055 μὲν
990 2963 1124 3055 ἡλικίαν
1143 2967 1207 3059 ήδη
1230 2997 1288 3059 με·

331 3077 431 3160 τρίως
452 3065 684 3156 προβεβηκώς,
707 3065 927 3158 εὐδοκιμήσας
947 3069 983 3138 δὲ
1005 3072 1041 3138 ἐν
1068 3081 1206 3153 πολλαῖς
1232 3075 1289 3142 καλ
1306 3087 1329 3129 2⁵

333 3172 491 3262 μεγάλαις
504 3170 651 3260 πράξεσι.
681 3170 773 3260 φήμη
794 3201 829 3241 τε
851 3174 927 3260 περὶ
949 3170 1054 3242 αῦτοῦ
1075 3181 1228 3264 διεφοίτα
1247 3172 1290 3255 ώς

334 3279 500 3355 ἐπιεικοῦς
514 3276 570 3343 καλ
585 3276 697 3356 δεξιοῦ
710 3277 765 3343 καὶ
779 3274 837 3344 τδν
851 3280 911 3344 τοῦ
925 3284 1131 3366 Περτίνακος
1144 3287 1221 3367 βίον
1235 3288 1289 3368 ζη-

334 3386 487 3458 λοῦντος·
503 3374 566 3465 ὑφ’
585 3368 633 3447 ὧν
647 3377 788 3467 μάλιστα
802 3385 836 3448 οἱ
843 3374 993 3467 Ῥωμαῖοι
1008 3384 1196 3453 ἐπείθοντο.
1213 3377 1289 3453 ἑκά·

333 3493 417 3554 λουν
429 3509 465 3550 τε
479 3478 581 3551 αῦτδν
596 3488 744 3569 συνεχῶς
764 3486 801 3551 ἐν
820 3498 891 3563 ταῖς
910 3489 970 3553 τοῦ
993 3484 1100 3611 δήμρν
1120 3486 1289 3571 συνόδοις,

333 3590 390 3658 καὶ
408 3590 684 3676 βλασφημοῦντες
703 3583 763 3655 τὸν
785 3582 967 3657 Ἰονλιανδν
986 3588 1134 3678 παρόντα
1156 3594 1287 3662 ἐκεῖνον
1303 3620 1326 3657 ω

284 3700 519 3781 βασιλικαῖς
533 3705 661 3775 φωναῖς
676 3685 852 3779 εῦφήμουν
865 3688 1001 3761 άπόντα.

286 3818 312 3867 ιε
429 3800 688 3885 διαγγελῦείσης
702 3794 793 3864 δὲ
753 3822 810 3884 της
822 3822 882 3863 τον
869 3794 1004 3885 δήμου
1013 3789 1182 3884 Ρωμαίων
1198 3796 1287 3883 γνώ-
