3134 4367
707 438 860 498 TPITON
1215 438 1255 498 93

303 619 357 701 τῆς
368 609 849 700 άκροπόλεωςκατειλημμένης
858 611 914 679 καὶ
923 614 980 696 τῆς
989 617 1157 698 βασιλείας
1165 615 1256 698 ἱδρυ-

302 719 401 805 μένης
416 713 548 795 ἑκόντες
560 741 596 782 τε
613 715 670 782 καί
687 708 824 794 ἄκοντες
842 710 963 814 πάντες
976 708 1179 786 ὑπακούοιεν
1193 712 1256 784 οὐκ

302 820 449 911 ἐσομένῳ
468 825 600 906 βασιλεῖ
611 811 685 885 ἀλλ’
708 812 773 905 ἤδη
794 812 876 886 ὄντι.
928 815 1058 897 τούτοις
1079 816 1284 898 πιστεύσαςῖ

302 919 545 1000 ὁΠλαυτιανός
557 917 621 1009 ἤδη
635 921 713 1009 περὶ
731 924 847 1007 δείλην
867 920 1028 1008 ἑσπέραν,
1049 917 1166 1008 άρθείς
1186 936 1256 1001 ταῖς

275 1028 429 1111 ιέλπίσι,
449 1024 590 1113 θώρακα
613 1024 674 1111 μὲν
700 1019 923 1111 ἀμφιέννυται
949 1027 1006 1109 τῆς
1029 1022 1257 1111 τοῦσώματος

302 1125 485 1216 ἀσφαλείας
497 1126 610 1214 χάριν,
624 1124 755 1213 κρύψας
769 1126 807 1194 δέ
826 1122 932 1195 αὐτὸν
951 1132 991 1214 τῇ
1007 1132 1107 1216 λοιπῇ
1128 1128 1256 1213 ἐσθῆτι,

301 1229 418 1320 ἐπιβάς
432 1227 594 1318 ὀχήματος
606 1233 786 1318 αἰφνιδίως
805 1231 839 1308 ἐς
857 1226 897 1298 τά
920 1235 1072 1317 βασίλεια
1091 1226 1255 1318 ἠπείγετο,

301 1329 427 1421 ὀλίγων
445 1330 550 1401 αύτδν
563 1332 866 1420 παραπεμπόντων,
888 1339 923 1400 οἳ
938 1338 1091 1420 παρῆσαν
1112 1333 1258 1420 οἰόμενοι

301 1444 488 1526 κεκλῇσθαι
502 1432 569 1504 ύπδ
583 1440 651 1505 τῶν
664 1437 829 1524 βασιλέων
848 1435 904 1504 διά
922 1463 996 1503 τινα
1009 1438 1192 1519 ἐπείξαντα.
1210 1430 1254 1515 ὡς
1269 1450 1287 1504 8

266 1570 287 1610 ιο
303 1540 340 1609 δέ
363 1541 481 1626 ἐπέστη
505 1545 545 1628 τῇ
562 1545 723 1630 Ιβασιλείῳ
754 1534 858 1626 αὐλῇ,
884 1534 1062 1619 ἀκωλύτως
1089 1545 1258 1629 εἰσῆλθεν,

302 1639 519 1730 ἀγνοούντων
533 1636 570 1710 τὸ
585 1640 811 1729 πραττόμενον
826 1647 893 1709 τῶν
907 1639 1086 1727 φυλάκων·
1101 1638 1258 1712 ύπαυτω-
1349 1727 1352 1732 ¹

301 1773 401 1833 μενος
417 1742 451 1814 δ’
475 1741 675 1833 δχιλίαρχος
694 1742 883 1830 ἐνεδρεύων
901 1770 937 1812 τε
955 1759 1135 1831 προσεῖπεν
1156 1742 1258 1815 αύτο-

302 1850 464 1936 κράτορα,
486 1849 542 1917 καὶ
563 1852 671 1934 δῆθεν
690 1847 849 1934 συνήθως
869 1846 1052 1935 λαβόμενος
1073 1854 1130 1936 τῆς
1150 1847 1258 1937 χειρὸς

303 1954 336 2031 ἐς
356 1949 394 2020 τὸ
417 1951 583 2039 δωμάτιον
604 1947 795 2039 εἰσήγαγεν,
817 1957 903 2019 ἔνθα
926 1957 1071 2037 ἔφασκεν
1094 1954 1254 2041 ἐρρῖφθαι

266 2088 288 2129 15
303 2052 344 2123 τά
364 2061 432 2124 τῶν
452 2054 616 2143 βασιλέων
638 2053 782 2142 σώματα.
834 2048 898 2141 ἤδη
919 2053 956 2122 δέ
977 2056 1217 2143 παρεσκευάκει
1237 2051 1286 2122 ὁ9

303 2164 456 2245 Σευῆρος
468 2161 603 2235 νεανίας
616 2163 683 2225 τῶν
698 2159 775 2245 περὶ
789 2151 893 2225 αὑτὸν
905 2158 1210 2246 σωματοφυλάκων,
1225 2166 1259 2227 οἳ

304 2260 531 2348 συλλήψουται
558 2254 662 2327 αὐτὸν
684 2259 888 2329 εἰσελθόντα.
941 2256 958 2329 ὃ
987 2259 1025 2329 δὲ
1045 2259 1257 2340 Πλαυτιανδς
1285 2305 1288 2310 ·

305 2360 362 2451 ἐφ’
380 2365 506 2451 ἑτέραις
526 2360 677 2434 ἐσελθών
697 2366 828 2432 ἐλπίσιν
849 2358 912 2453 ὁρᾷ
932 2360 1012 2443 τούς
1025 2366 1179 2451 βασιλέας
1193 2361 1257 2450 άμ-

306 2468 470 2555 φοτέρους
497 2468 653 2551 ἑστῶτας,
680 2472 888 2555 συλληφθείς
914 2492 949 2535 τε
982 2474 1166 2553 κατείχετο·
1201 2469 1257 2534 καί

265 2598 290 2637 εο
306 2572 480 2657 ἐκπλαγείς
494 2575 539 2661 τῷ
553 2567 719 2657 πράγματι
738 2572 843 2638 ἐδεῖτο
864 2568 920 2635 καί
940 2568 1098 2655 ἐλιπάρει.
1136 2565 1257 2637 άπελο-

305 2673 395 2760 γεῖτό
414 2699 467 2760 τε,
490 2671 630 2760 φάσκων
653 2670 761 2739 πάντα
779 2674 888 2756 ψευδῆ
908 2667 993 2738 εἶναι
1013 2671 1069 2739 καὶ
1089 2669 1257 2758 συσκευὴν

305 2770 379 2846 κατ’
405 2772 512 2844 αὐτοῦ
532 2775 589 2843 καὶ
615 2778 724 2861 δρᾶμα
746 2771 959 2842 ἐσκευάσθαι.
999 2771 1122 2854 πολλάς
1140 2773 1179 2842 δέ
1198 2780 1257 2843 τοῦ
1276 2789 1309 2841 10

304 2879 367 2965 μὲν
389 2878 546 2966 Σεεήρου
566 2872 784 2961 ὀνειδίζοντος
807 2871 998 2964 εὐεργεσίας
1021 2904 1057 2945 τε
1076 2880 1132 2946 καί
1151 2877 1256 2965 τιμάς,

307 2987 365 3051 τού
379 2981 417 3051 δέ
430 2979 570 3061 πίστεως
582 3007 617 3049 τε
635 2982 691 3049 καί
706 2976 839 3060 έύνοίας
852 2984 910 3071 τῆς
922 2975 1057 3050 άνωθεν
1070 2977 1258 3069 ὑπομιμνή-

264 3120 291 3161 25
307 3105 461 3170 σκοντος,
476 3081 581 3174 ἠρέμα
601 3110 671 3164 πως
691 3079 875 3171 δΣεεῇρος
894 3080 1039 3171 ὑπήγετο
1059 3095 1176 3154 πειθοῖ
1191 3092 1259 3154 τῶν

306 3184 373 3257 ὑπὸ
399 3195 459 3257 τοῦ
480 3192 697 3256 Πλαυτιανοῦ
718 3188 923 3275 λεγομένων,
945 3193 1018 3257 ἐστε
1038 3185 1080 3275 δὴ
1102 3184 1259 3277 ύπεφάνη

306 3296 367 3359 τοῦ
398 3290 553 3380 θώρακος
579 3292 677 3378 μέρος
706 3297 968 3378 καταραχθείσης
996 3296 1053 3379 τῆς
1086 3287 1138 3359 ἐπ’
1168 3288 1259 3382 αὐτῷ

306 3396 457 3482 ἐσθῆτος.
484 3390 566 3481 ὅπερ
581 3390 664 3462 ίδῶν
683 3387 700 3461 ὁ
718 3389 930 3479 Ἀντωνῖνος,
952 3396 1026 3473 νέος
1046 3394 1178 3482 θρασύς
1192 3405 1259 3463 θυ-

307 3495 442 3585 μοειδής
462 3496 573 3567 τεκαὶ
596 3494 698 3583 φύσει
723 3502 831 3583 μισῶν
851 3495 911 3566 τὸν
930 3492 1131 3584 άνθρωπον,
1154 3490 1259 3565 “οἰλλά
1276 3512 1308 3563 ll

264 3631 291 3671 ιο
308 3598 392 3690 πρὸς
407 3596 487 3669 δύο”
503 3607 568 3688 ἔφη
577 3594 702 3668 “cufim
722 3606 757 3667 τί
773 3593 816 3668 άν
829 3596 1043 3687 άποκρίναιο;
1065 3595 1156 3687 ἥκεις
1176 3595 1260 3683 πρὸς

308 3705 464 3789 βασιλέας
477 3705 615 3791 ἑσπέρας
628 3698 673 3790 μὴ
689 3700 922 3785 κελεύσαντας·
939 3698 1006 3772 ὅτε
1020 3701 1133 3788 θώραξ
1154 3720 1206 3768 σοι
1228 3705 1264 3767 τί

308 3805 482 3892 βούλεται;
501 3813 550 3885 τίς
567 3804 633 3902 γάρ
653 3806 687 3887 ἐς
708 3806 857 3877 ἑστίασιν
880 3801 903 3898 ἢ
925 3810 1043 3897 κῶμον
1069 3799 1289 3885 ὡπλισμένος
