3134 4367
639 436 851 498 EBAOMON
1163 435 1220 498 177

261 613 323 695 ρᾶς
333 605 419 695 πρὸς
428 602 863 696 ἐκεῖνονπαρέπεμψαν,ούς
871 607 1114 695 συλλαμβάνων
1124 604 1221 697 ὠμός

262 710 431 794 ἐκόλαζεν.

366 812 408 882 τά
421 811 483 899 μὲν
497 808 580 879 κατά
594 808 656 899 τὴν
669 807 840 899 Ῥωμαίων
853 809 952 881 πόλιν
965 838 1001 880 τε
1014 813 1070 881 καὶ
1083 812 1220 903 γνύμην

263 922 404 985 τοιαῦτα
418 905 476 1002 ἡν·
492 910 535 993 ὡς
550 910 582 981 δ’
598 910 767 1003 ἀπηγγέλη
779 921 825 1007 τῷ
833 912 1062 1007 Μαξιμίνφτά
1071 939 1220 1005 πεπραγ-

262 1021 362 1105 μένα,
385 1015 588 1107 σκυθρωπός
608 1043 644 1086 τε
665 1008 707 1105 ἡν
728 1020 787 1088 καὶ
813 1021 851 1087 ἐν
873 1016 1029 1107 μεγάλαις
1056 1025 1221 1107 φροντίσι,

262 1117 496 1208 προσεποιεῑτό
519 1146 555 1189 τε
576 1115 689 1189 αὐτῶν
716 1137 950 1208 καταφρονεῖν.
989 1127 1047 1209 τῆς
1069 1121 1132 1209 μέν
1158 1110 1222 1191 οὖν

262 1223 398 1312 πρώτης
410 1223 468 1293 καὶ
480 1224 640 1311 δευτέρας
655 1220 777 1313 ἡμέρας
791 1228 890 1293 ἔνδον
904 1230 1035 1313 ἔμεινεν
1048 1219 1221 1313 ἡσυχάζων

262 1329 320 1396 καὶ
334 1342 403 1407 τοῖς
416 1327 617 1414 φίλοιςπερδ
630 1334 691 1395 τοῦ
705 1329 873 1413 πρακτέον
886 1325 1112 1416 κοινούμενος.
1132 1325 1169 1397 τὸ
1184 1327 1252 1405 δέυ

262 1428 492 1517 στρατόπεδον
505 1434 573 1498 πάν
587 1426 624 1497 τὸ
639 1427 704 1498 σύν
719 1426 811 1521 αύτῷ
825 1433 861 1498 οἵ
877 1456 913 1497 τε
926 1431 1081 1500 ἐπέκεινα
1101 1430 1222 1512 πάντες

246 1572 248 1595 ι
267 1530 448 1621 ἅνθρωποι
461 1538 614 1618 ἔγνωσαν
626 1531 688 1620 μὲν
697 1530 737 1601 τά
747 1534 1000 1621 διαγγελθέντα,
1009 1535 1066 1603 καὶ
1079 1538 1222 1604 διοίδαι·

262 1664 326 1706 νον
341 1642 442 1704 πᾶσιν
458 1640 496 1703 αλ
504 1636 609 1721 ψυχαὶ
627 1635 833 1723 τηλικούτων
851 1640 960 1723 ἔργων
980 1632 1131 1727 εὐτόλμῳ
1146 1664 1222 1707 και·

263 1745 420 1830 νοτομίηι,
434 1734 516 1807 ούδέ
528 1766 577 1817 τις
591 1736 674 1826 πρός
688 1765 763 1807 τινα
782 1740 878 1826 ἔλεγέ
894 1765 927 1807 τι
947 1734 1019 1807 οὔτ’
1043 1742 1169 1808 εἰδέναι
1189 1768 1222 1810 τι

263 1856 510 1929 προσεποιεῖτο·
537 1846 696 1921 τοσοῦτος
716 1838 781 1929 γάρ
803 1830 847 1928 ἡν
866 1837 884 1909 ὁ
904 1844 1098 1929 Μαξιμένου
1117 1842 1222 1931 φόβος

264 1942 309 2026 ὡς
336 1946 442 2034 μηδὲν
468 1940 573 2012 αὐτόν
598 1942 800 2031 λανθάνειν,
836 1944 1157 2034 παραφυλάττεσθαι
1183 1946 1222 2017 δὲ

265 2048 403 2134 πάντων
417 2043 458 2116 ού
471 2045 575 2134 μόνον
588 2045 630 2115 τά
643 2044 700 2116 διά
717 2053 834 2137 φωνῆς
853 2049 909 2117 καὶ
928 2047 1073 2137 γλώττης
1091 2074 1221 2139 προφε-

263 2150 390 2240 ρόμενα
411 2146 496 2219 άλλά
518 2151 575 2219 καὶ
596 2146 636 2218 τά
659 2147 705 2219 δι’
729 2146 838 2232 ὅψεως
859 2150 1016 2239 νεύματα.
1068 2147 1087 2220 δ
1108 2153 1252 2240 μέντοι3

261 2257 452 2341 Μαξιμῖνος
465 2254 671 2339 συγκαλέσας
684 2252 792 2322 πάντα
813 2249 873 2322 τόν
886 2253 1029 2343 στρατὸν
1049 2256 1082 2335 ἐς
1101 2253 1138 2324 τό
1154 2254 1217 2345 πρό

262 2365 322 2446 τὴς
336 2357 463 2436 πόλεως
479 2361 612 2442 πεδίον,
636 2354 816 2445 προελθών
836 2382 872 2425 τε
892 2363 950 2445 της
968 2363 1080 2448 τρίτης
1100 2353 1224 2447 ἡμέρας

263 2458 422 2531 άνελθόυ
443 2486 479 2528 τε
503 2460 558 2528 ἐπὶ
579 2456 617 2527 τὸ
639 2465 745 2547 βῆμα,
768 2459 1009 2548 ἐπιφερόμενος
1030 2458 1068 2529 τδ
1089 2465 1223 2547 βιβλίου

264 2560 349 2652 ὅπερ
369 2554 455 2651 ἦσαν
478 2557 570 2653 αύτῷ
594 2561 813 2643 συντάξαντές
835 2588 922 2641 τινες
945 2567 1013 2629 τῶν
1040 2565 1165 2649 φίλων,
1189 2564 1223 2644 ἐξ

262 2665 486 2755 άναγνάσεως
500 2667 589 2746 ἔλεξε
602 2664 725 2733 τοιάδε.

361 2765 505 2838 “άπιστα
513 2767 575 2855 μὲν
584 2765 660 2836 οἴδα
672 2767 729 2835 καλ
738 2764 907 2855 παράδοξα
916 2767 1021 2848 λέξων
1032 2760 1219 2854 πρόςύμάς,
1233 2783 1250 2835 4

264 2868 310 2953 ὁς
324 2872 364 2941 δὲ
379 2870 444 2960 ἐγω
465 2880 593 2959 οἴομαι,
612 2867 654 2939 ού
672 2869 844 2958 θαύματος
859 2865 942 2938 ἄλλα
955 2867 1076 2958 χλεύης
1088 2870 1145 2938 καὶ
1165 2871 1223 2957 γέ-

264 2984 369 3057 λωτος
396 2972 479 3058 άξια.
508 2970 594 3044 δ’πλα
620 2970 677 3062 ἐφ’
701 2969 788 3062 ὑμᾶς
813 2974 870 3042 καὶ
896 2970 958 3062 τὴν
979 2968 1144 3062 ύμετέραν
1162 2969 1225 3042 άν-

247 3141 248 3147 ,
266 3084 387 3169 δρεέαν
399 3074 440 3147 ού
454 3079 622 3166 Γερμανοὶ
635 3086 803 3167 αἴρονται,
818 3071 878 3157 ούς
891 3074 1048 3157 πολλάκις
1069 3075 1225 3164 ἐνικήσα-

263 3210 344 3270 μεν,
367 3177 410 3252 ού
432 3180 651 3269 Σαυρομάται
673 3182 804 3269 οἱπερὶ
825 3178 958 3267 εἰρήνης
977 3178 1131 3249 ἑκάστοτε
1154 3183 1225 3248 ἱκε-

264 3285 436 3365 τεύοντες·
460 3287 589 3372 Πέρσαι
610 3311 646 3353 τε
663 3288 697 3353 οἱ
717 3284 821 3353 πάλαι
842 3289 1107 3371 Μεσοποταμίαν
1123 3309 1226 3354 κατα-

264 3392 438 3479 τρέχοντες
463 3394 529 3457 νύν
555 3382 793 3474 ἡσυχάζουσιν,
821 3381 997 3473 άγαπητῶς
1029 3391 1159 3474 ἔχοντες
1184 3384 1225 3455 τά

265 3491 529 3579 ἕαντεόν,δόξης
542 3515 577 3558 τε
592 3496 649 3577 τῆς
662 3484 824 3578 ὑμετέρας
837 3493 875 3558 ἐν
890 3504 959 3569 τοῖς
973 3484 1088 3569 ὅπλοις
1105 3485 1224 3578 άρετῆς

246 3624 251 3662 ι
268 3602 337 3683 [τε],
353 3602 457 3685 πείρηι
469 3600 537 3663 τῶν
556 3595 646 3681 ἔμων
664 3592 835 3683 πράξεων,
856 3586 896 3675 δὶς
915 3598 1068 3683 ἔγνωσαν
1083 3587 1147 3659 ἵετε
1163 3594 1234 3655 τωο

259 3702 315 3764 ἐπὶ
339 3712 411 3773 ταῖς
435 3693 555 3781 ὄχθαις
580 3699 826 3787 στρατοπέδων
852 3692 1043 3791 ἡγούμην,
1066 3685 1269 3775 δινεχοῦὒῆς

246 3792 378 3871 αύτούς.
433 3793 523 3869 md
532 3800 603 3899 γάρ
618 3804 685 3897 (μή
698 3832 737 3879 τι
752 3802 835 3906 ἄρα
854 3809 922 3881 καὶ
941 3799 1223 3892 καταγέλαστον
1246 3782 1338 3846 δή

265 3920 451 3968 monum
1095 3907 1149 3972 Y)-
