3134 4367
341 418 400 479 194
728 416 907 477 ΟΓΔΟΟΝ

338 613 397 680 σης
423 585 500 659 οὔτε
527 593 617 659 νεῶν
644 582 662 657 ὅ
684 588 825 679 στρατὸς
851 590 889 658 ἐν
916 584 1045 680 ἀφασίηι
1072 584 1296 676 καθειστήκει.

308 709 325 764 3
338 694 505 782 Γερμανοὶ
523 694 562 762 δέ
574 718 662 772 τινες
676 689 739 761 οὐκ
759 690 884 774 εἰδότες
903 700 972 761 τῶν
986 686 1182 761 Ἰταλιωτῶν
1196 718 1298 761 ποτα-

336 804 410 885 μῶν
424 794 465 865 τὰ
479 792 612 886 σφοδρὰ
625 796 682 864 καὶ
696 794 997 886 καταρρηγνύμενα
1012 794 1172 885 ῥεύματα,
1188 793 1298 882 οίόμε-

336 928 391 971 νοι
413 898 450 969 δὲ
471 905 666 990 σχολαίτερα
691 897 910 987 έπινήχεοθαι
938 913 1007 980 τοῖς
1033 903 1165 979 πεδίοις
1187 892 1298 985 ῶσπερ

337 1000 416 1091 παρ’
434 1000 547 1083 αὐτοῖς
561 998 628 1086 (διὸ
652 1002 709 1070 καί
726 1001 893 1090 πήγνυται
914 1004 1055 1093 ῥαδίως,
1075 997 1120 1089 μή
1142 1005 1321 1091 σφοδρῶςε

337 1107 543 1193 κινουμένου
556 1097 617 1173 τού
632 1103 818 1193 ῥεύματος),
833 1104 1135 1192 έπεισπηδήσαντες
1150 1099 1219 1192 ἅμα
1233 1118 1299 1185 τοῖς

337 1215 451 1290 ἵπποις
464 1206 683 1296 διανήχεσθαι
701 1209 916 1296 εἰθισμένοις,
931 1210 1197 1301 παρενεχθέντες
1208 1206 1298 1281 ἀπῶ-

339 1322 447 1383 λοντο.

307 1434 325 1487 4
443 1412 506 1483 δύο
520 1412 583 1501 μέν
602 1403 666 1482 ούν
689 1406 711 1501 ή
732 1418 838 1501 τριῶν
854 1407 991 1503 ήμερῶν
1010 1414 1298 1504 σκηνοποιησάμε-

338 1546 396 1599 νος
414 1513 652 1605 ὁΜαξιμίνος,
667 1516 800 1605 τάφρου
820 1523 867 1610 τῷ
887 1524 1016 1611 στρατῷ
1039 1526 1299 1609 περιβληθείσης
1314 1546 1331 1586 ιο

338 1621 384 1710 μή
400 1648 488 1700 τινες
502 1621 692 1708 ἐπέλθοιεν,
708 1626 840 1709 ἔμεινεν
861 1622 916 1690 ἐπὶ
929 1627 969 1710 τῇ
983 1620 1064 1690 καθ’
1082 1619 1189 1693 αὑτὸν
1203 1620 1297 1713 ὄχθη,

339 1723 544 1813 σκεψόμενος
564 1719 654 1805 ὅπως
675 1722 734 1793 τὸν
753 1723 902 1812 ποταμὸν
925 1725 1119 1815 γεφυρῶση.
1164 1730 1240 1797 ἐπεὶ
1265 1727 1299 1797 δὲ

339 1828 451 1911 ξύλων
466 1818 509 1916 ήν
529 1822 653 1913 ἀπορία
671 1827 728 1895 καί
748 1834 857 1914 νεῶν,
878 1822 917 1907 ἀς
938 1833 1006 1897 ἔδει
1026 1836 1226 1918 ζευχθείσας
1246 1859 1299 1921 με·
1370 1887 1372 1894 ι

342 1937 498 2020 φυρῶσαι
517 1927 553 1997 τὸ
575 1931 732 2019 ῥεῖθρον,
753 1926 925 2018 ἀπέβαλόν
944 1958 1032 2012 τινες
1053 1940 1122 2001 τῶν
1142 1943 1299 2022 τεχνιτῶν

339 2030 448 2103 πολλοὶ
462 2031 548 2101 εἶναι
561 2030 642 2101 κενὰ
662 2032 826 2120 οἰνοφόρα
849 2032 953 2121 σκεύη
972 2043 1179 2124 περιφεροῦς
1200 2037 1298 2121 ξύλον
1314 2060 1332 2103 ιε

340 2139 379 2204 έν
394 2150 463 2215 τοῖς
476 2134 610 2223 ἐρήμοις
623 2132 756 2226 ἀγροῖς,
773 2130 823 2216 οἷς
837 2139 980 2225 ἐχρῶντο
1000 2138 1063 2228 μὲν
1083 2140 1252 2231 πρότερον
1273 2146 1303 2211 οί

340 2244 574 2318 κατοικοῦντες
587 2240 620 2318 ές
634 2234 822 2327 ὑπηρεσίαν
835 2241 980 2329 ἑαυτῶν,
1003 2238 1048 2324 ῶς
1068 2247 1300 2334 παραπέμπειν

341 2341 402 2412 τὸν
417 2340 510 2411 οἶνον
524 2337 681 2430 ἀσφαλῶς
696 2357 766 2423 τοϊς
788 2346 973 2432 δεομένοις·
997 2341 1081 2435 α”περ
1105 2342 1187 2417 ὅντα
1207 2358 1300 2419 κοῖλα

343 2450 443 2534 δίκην
461 2452 564 2532 νεῶν,
585 2441 739 2533 ἀλλήλοις
766 2449 977 2516 συνδεθέντα
997 2449 1215 2537 έπινήξεσθαι
1242 2451 1300 2542 μὲν

342 2555 481 2638 ἔμελλεν
502 2544 613 2639 ῶσπερ
636 2548 766 2638 σκάφη,
790 2547 835 2638 μή
854 2551 1169 2641 παρενεχθήσεσθαι
1189 2554 1230 2625 δέ
1247 2554 1300 2626 διά
1312 2574 1333 2615 w

342 2660 453 2723 τετοῦ
471 2658 597 2741 δεσμοῦ
619 2649 656 2723 τὸ
677 2653 881 2741 ἐπάλληλον,
904 2654 1090 2743 φρυγάνων
1107 2684 1143 2726 τε
1166 2654 1300 2730 ἀνωθεν

344 2758 613 2845 ἐπιβληθέντων,
626 2763 689 2844 χού
702 2784 738 2825 τε
757 2763 814 2844 τῆς
836 2764 896 2845 μής
915 2765 1057 2848 μετρίως
1076 2763 1109 2841 ές
1130 2757 1217 2831 αύτδι
1237 2786 1300 2835 σω-

313 2879 330 2931 5
348 2861 530 2946 ρευθέντος
543 2861 629 2948 χειρί
644 2865 752 2949 πολλή
768 2860 825 2927 καλ
838 2866 980 2951 σπουδή.
1033 2866 1221 2951 ἐφεστῶτος
1241 2857 1301 2936 ούν

344 2959 451 3031 αὐτοῦ
465 2959 583 3050 διαβὰς
597 2959 615 3030 ὁ
628 2959 767 3051 στρατὸς
780 2963 835 3031 ἐπὶ
855 2959 917 3051 τήν
935 2964 1034 3035 πόλιν
1054 2965 1182 3055 έχῶρει.
1204 2969 1301 3060 <καὶ>

343 3062 385 3134 τὰ
405 3066 468 3154 μέν
488 3064 734 3153 οἰκοδομήματα
752 3070 822 3133 τῶν
843 3076 1051 3149 προαστείων
1073 3078 1181 3160 ἔρημα
1209 3071 1300 3163 εύρι-
1313 3097 1334 3139 ει

346 3193 445 3255 οκον,
463 3165 631 3256 ἀμπέλους
644 3169 757 3256 μέντοι
777 3169 835 3237 καλ
854 3172 979 3259 δένδρα
992 3172 1101 3244 πάντα
1114 3178 1300 3263 ἐξέκοπτον,

347 3267 369 3340 δι’
388 3271 426 3340 δὲ
445 3274 712 3359 ἐνεπίμπρασαν,
731 3272 789 3340 καὶ
808 3269 870 3360 τήν
888 3272 1053 3365 πρότερον
1078 3294 1148 3359 τοῖς
1170 3288 1301 3368 χωρίοις

347 3370 565 3463 ὑπάρχουσαν
579 3370 672 3465 ῶραν
682 3373 902 3465 κατήσχυνον.
917 3380 1070 3471 δένδρων
1083 3380 1147 3471 γὰρ
1161 3392 1302 3474 στοίχοις

348 3486 432 3559 ἴσοις
445 3473 602 3567 ἀμπέλων
615 3506 651 3549 τε
660 3475 743 3569 πρὸς
752 3476 896 3568 ἀλλήλας
910 3484 1000 3553 δέσει
1013 3485 1230 3573 πανταχόθεν
1237 3484 1303 3577 ήρ-

345 3584 499 3671 τημένων
512 3584 549 3653 έν
562 3585 677 3675 ἕορτής
689 3581 846 3673 σχήματι,
861 3586 1016 3679 στεφάνῳ
1035 3584 1078 3657 ἀν
1099 3617 1149 3670 τις
1162 3588 1226 3679 τήν
1238 3588 1303 3680 χῶ-
1316 3615 1338 3657 το

327 3715 400 3776 ραν
425 3697 670 3784 κεκοσμῆσθαι
700 3689 921 3782 ἐτεκμήρατο·
946 3685 1034 3774 ’ἀπεο
1051 3690 1162 3757 τιάντα
1182 3695 1307 3776 §mm
1361 3680 1364 3688 ¹

274 3808 298 3861 6
312 3794 473 3886 ἐκκόψας
491 3795 683 3899 ὁστρατὸς
699 3800 758 3874 ἐπὶ
775 3796 820 3870 τὰ
841 3801 941 3885 τείχη
958 3788 1132 3879 ἤπείηετο.
1159 3789 1339 3871 κεκμηῶτι
