3134 4367
241 407 248 423 ¹
351 415 410 479 188
727 418 941 479 ΕΒΔΟΜΟΝ

348 596 405 678 τῆς
425 584 477 659 ἐπ’
496 584 636 660 Ἰταλίαν
656 593 806 677 εἰσβολῆς
828 597 947 675 εἴχετο,
968 586 1124 654 ἐκέλευσέ
1143 609 1180 650 τε
1199 580 1300 651 πάντα

348 690 408 762 τὸν
421 690 563 781 στρατὸν
583 696 620 762 ἐν
641 689 754 771 ὅπλοις
774 690 860 760 εἶναι
880 692 937 759 καὶ
956 686 1028 777 μετ’
1047 686 1201 769 εὐταξίας
1222 710 1300 772 προ-

298 883 300 888 ,
349 812 480 885 χωρεῖν.

319 912 337 966 9
454 897 515 987 τήν
538 899 600 988 μὲν
619 887 682 967 οὖν
698 896 828 986 Λιβύης
847 894 1029 967 ἀπόστασιν
1055 894 1112 962 καὶ
1138 888 1200 960 τὸν
1224 885 1302 956 κατά

349 998 410 1090 τήν
423 998 550 1091 Ῥοίμήν
563 1001 726 1089 ἐμφύλιον
740 1002 900 1089 πόλεμον,
915 998 956 1068 τά
973 1026 1009 1067 τε
1021 1000 1204 1085 Μαξιμίνφ
1218 1017 1323 1077 πρα-ι

349 1107 474 1192 χθέντα
487 1107 543 1174 καὶ
557 1104 618 1193 τήν
631 1109 664 1184 ἐς
678 1101 818 1173 Ἰταλίαν
833 1101 947 1192 άφιξιν
961 1098 1066 1170 αὐτοῦ
1081 1097 1301 1188 ἐδηλώσαμεν·

350 1206 390 1277 τά
404 1209 442 1278 δὲ
456 1208 600 1297 ἑπόμενα
614 1212 650 1278 ἐν
664 1221 731 1289 τοῖς
745 1210 817 1296 ἑξής
831 1204 1037 1295 λεχθήσεται.

540 1524 812 1586 ΒΙΒΛΙΟΝ
859 1523 1119 1585 ΟΓΛΟΟΝ.
1316 1539 1375 1579 ιι.

461 1720 509 1792 Τά
525 1723 587 1812 μὲν
601 1715 644 1810 δή
657 1725 837 1814 Μαξιμίνςο
850 1724 1040 1809 πραχθέντα
1053 1716 1136 1806 μετά
1149 1706 1212 1803 τήν
1225 1719 1256 1785 Γ
1253 1740 1305 1801 ορ·

354 1829 474 1895 διανοῦ
490 1825 666 1914 τελευτήν,
682 1823 704 1914 ή
716 1854 752 1895 τε
768 1833 815 1906 είς
829 1821 969 1895 Ἰταλίαν
983 1821 1094 1911 άφιξις
1108 1817 1228 1905 αὐτοῦ,
1249 1823 1305 1885 Λι-

248 1995 250 2002 2
353 1926 438 2015 βόης
459 1955 495 1996 τε
520 1926 699 2008 άπόστασις
718 1930 774 1997 καί
794 1924 814 2016 ή
835 1931 872 1996 ἐν
885 1924 989 2018 Ῥοίμχγ
1009 1932 1077 1994 τῶν
1098 1925 1305 2013 στρατιωτῶν

352 2028 437 2117 πρὸς
457 2028 515 2099 τὸν
535 2037 642 2119 δῆμον
664 2028 810 2118 διαφορά
829 2034 866 2099 ἐν
883 2046 952 2111 τοῖς
972 2027 1036 2117 πρὸ
1064 2028 1196 2096 τούτων
1218 2026 1305 2091 λε’λε-
1318 2048 1335 2091 ιι

352 2154 442 2200 κται·
465 2129 535 2203 ὅδὲ
553 2138 740 2223 Μαξιμῐνος
758 2131 891 2214 ἐπιστάς
910 2149 978 2214 τοῖς
1000 2131 1091 2221 ὅροις
1111 2127 1305 2220 προύπεμψε

304 2316 308 2328 ¹
356 2232 503 2317 σκοπούς
514 2235 594 2318 τούς
607 2236 848 2324 ἐρευνήσαντας
861 2236 906 2326 μή
921 2265 1009 2318 τινες
1028 2237 1162 2321 ἐνέδραι
1183 2236 1221 2302 ἐν
1240 2258 1305 2298 κοι-

323 2346 342 2397 2
356 2336 455 2408 λάσιν
469 2336 559 2428 ὀροῖν
573 2336 594 2429 ή
608 2343 743 2431 λόχμαις
757 2337 852 2422 ὕλαις
865 2370 901 2410 τε
914 2340 1053 2428 κράφιοι
1065 2336 1144 2406 εἶεν.
1161 2332 1264 2414 αὐτός
1276 2358 1305 2401 τε

354 2442 554 2531 καταγαγὼν
575 2447 608 2525 ἐς
633 2444 670 2515 τό
693 2450 812 2514 πεδίον
831 2443 890 2514 τὸν
909 2442 1062 2532 στρατόν,
1083 2438 1141 2521 τάς
1160 2439 1224 2528 μὲν
1244 2443 1306 2506 τῶν

355 2540 503 2616 ὁπλιτῶν
517 2547 689 2638 φάλαγγας
702 2550 735 2628 ἐς
748 2547 938 2637 τετράγωνα
952 2552 1042 2629 ἔταξε
1056 2543 1223 2631 σχήματα,
1239 2545 1337 2610 ἐπι-ιι

355 2649 471 2737 μήκεις
484 2659 610 2741 μᾶλλον
624 2650 646 2742 ή
660 2659 817 2743 βαθείας,
833 2649 877 2733 ὡς
892 2647 934 2722 άν
947 2659 1101 2721 πλείστου
1114 2652 1176 2715 τοῦ
1192 2650 1307 2715 πεδίον

357 2754 566 2843 διαλάβοιεν·
594 2756 633 2825 τά
653 2758 691 2827 δὲ
714 2756 908 2844 σκευοφόρα
929 2754 1036 2824 πάντα
1061 2749 1166 2839 κτήνη
1194 2776 1230 2817 τε
1257 2747 1307 2817 καὶ

358 2850 505 2945 ὀχήματα
518 2861 555 2926 ἐν
575 2861 664 2951 μέσῳ
684 2857 794 2945 τάξας,
816 2854 916 2938 αὐτὸς
935 2854 1002 2945 ἅμα
1018 2874 1086 2933 τοῖς
1107 2850 1309 2941 δορυφόροις

328 2954 647 3046 λόπισθοφυλακῶν
668 2967 787 3030 εἵπετο.
846 2962 1055 3046 ἑκατέρωθεν
1081 2957 1118 3025 δὲ
1143 2958 1309 3046 παρίθεον

357 3067 396 3133 αἲ
409 3090 444 3132 τε
458 3070 526 3131 τῶν
541 3063 783 3153 καταφράκτων
798 3060 926 3133 ἱππίων
943 3062 1010 3132 ἶλαι
1024 3066 1079 3132 καὶ
1092 3058 1307 3148 Μαυρούσιοι
1319 3076 1339 3117 τι

357 3162 546 3236 ἀκοντισταὶ
559 3165 687 3249 τοξόται
700 3194 736 3236 τε
749 3170 785 3233 οί
796 3162 860 3236 άπὸ
875 3174 932 3254 τής
953 3163 1122 3255 άνατολής.
1151 3165 1209 3232 καὶ
1228 3169 1309 3248 Γερ-

358 3275 475 3355 μανῶν
490 3269 617 3338 ἱππίων
639 3271 722 3357 μέγα
744 3296 775 3337 τι
796 3278 926 3359 πλῆθος
945 3270 1083 3358 ἐπήγετο
1103 3266 1308 3355 συμμάχους·

359 3374 510 3451 ἐκείνους
529 3368 593 3459 γάρ
616 3372 756 3461 μάλιστα
779 3373 1024 3461 προυβάλλετο,
1045 3370 1091 3443 ἵν’
1113 3372 1310 3458 ἐκδέχωνται

358 3480 427 3542 τῶν
440 3482 608 3562 πολεμίων
621 3474 678 3557 τάς
693 3474 824 3566 πρώτας
839 3476 995 3565 ἐμβολάς,
1010 3478 1204 3563 θυμοειδεῖς
1222 3469 1311 3549 ὄντες

358 3579 415 3648 καί
430 3574 583 3666 εὕτολμοι
601 3582 638 3649 ἐν
652 3576 816 3668 άρχομένή
830 3579 931 3670 μάχῃ,
948 3586 980 3649 εί
991 3575 1023 3648 δ’
1041 3576 1105 3666 άρα
1119 3578 1177 3645 καὶ
1192 3581 1309 3646 κινδν-
1324 3595 1344 3637 ³⁰

310 3709 332 3763 4
349 3682 470 3754 νεύειν
482 3685 573 3774 δέοι,
593 3679 887 3776 εὐκαταφρόνητοι
897 3679 941 3762 ὡς
959 3682 1130 3768 βάρβαροι.
1144 3676 1191 3756 εἷος
1202 3680 1241 3747 δὲ
1248 3685 1310 3747 πᾶν

334 3786 374 3859 τό
387 3796 522 3866 πεδίον
540 3798 698 3887 διῆλθεν
719 3788 737 3865 ὁ
760 3782 907 3883 στρατὸς
933 3778 998 3871 μετ’
1032 3776 1215 3859 abnuam
1229 3800 1269 3839 τὶ
1283 3774 1338 3839 *ὦ
