3134 4367
360 439 419 503 172
728 441 946 504 ΕΒΔΟΜΟΝ

357 641 413 694 τος
425 612 531 702 μηδὲν
543 611 667 697 αύτούς
680 613 915 705 ἀδικήσαντος,
930 615 1048 700 σώζειν
1061 619 1082 683 δ
1084 614 1099 684 ὲ
1118 611 1181 702 τήν
1201 620 1312 685 πίστιν

357 719 415 787 καί
434 716 497 805 τήν
516 715 655 789 εύνοιαν
673 727 720 812 τῷ
743 721 965 808 βασιλεύοντι.
995 719 1067 787 ἐπεὶ
1081 717 1120 787 δὲ
1139 718 1250 805 οδμδν
1263 720 1311 800 ξι-

357 820 477 909 φήρεις
489 822 672 910 ἐνέκειντο,
687 826 813 903 ἐκεῖνος
833 825 871 894 δὲ
890 819 958 893 ύπὸ
981 823 1079 901 δίους
1096 822 1154 892 καὶ
1173 816 1310 909 ἀγνοίας

357 920 422 993 ούκ
431 920 506 1014 ᾔδει
519 924 556 995 τό
567 929 800 1015 πεπραγμένον
809 923 889 997 οὐδὲ
903 923 1013 1021 τόζτής
1027 923 1200 1013 παρούσης
1212 922 1311 1012 τύχης

357 1036 482 1117 αἴτιον,
507 1024 554 1109 εἷς
578 1035 647 1097 των
668 1038 873 1119 νεανίσκων,
895 1026 933 1111 δς
948 1019 992 1118 ήυ
1011 1025 1124 1097 αὐτῶν
1143 1028 1238 1115 γίνει
1258 1027 1333 1096 καλε

356 1128 500 1218 δυνάμει
513 1131 624 1221 λόγων
643 1134 818 1223 προύχων,
837 1131 915 1215 τούς
935 1130 1074 1212 λοιπούς
1090 1129 1311 1219 κατασιγάσας

354 1230 531 1323 ἡσυχάζειν
543 1263 579 1304 τε
592 1238 792 1324 προστάξας,
813 1246 898 1325 ἔχων
919 1235 1100 1325 πρόκωπον
1117 1233 1181 1322 τήν
1201 1231 1311 1317 δεξιάν

325 1340 444 1421 οδλεξε
457 1335 541 1428 πρὸς
554 1335 659 1410 αὐτὸν
671 1340 795 1410 τοιάδε.
807 1373 815 1389 ⁸
841 1337 927 1410 “δύο
944 1337 1116 1410 κινδύνων
1135 1338 1310 1426 προκειμέ-

353 1468 443 1526 νων,
464 1447 525 1510 τοῦ
546 1442 608 1531 μὲν
630 1445 796 1533 παρόντος
817 1451 878 1514 τού
899 1444 937 1513 δὲ
956 1443 1151 1531 μέλλοντος,
1174 1442 1309 1510 καὶτοῦ

352 1544 415 1632 μὲν
427 1538 492 1633 ήδη
507 1543 679 1635 προδήλου
692 1554 753 1618 τού
767 1547 806 1617 δὲ
820 1551 857 1617 ἐν
869 1544 1045 1637 ἀμφιβόλῳ
1057 1543 1159 1633 τύχη,
1175 1545 1308 1615 ἑλέσθαι
1321 1565 1338 1607 ο

353 1668 393 1718 σε
413 1653 469 1718 δεῖ
489 1648 634 1739 σήμερον
653 1650 818 1735 σώζεσθαι
839 1647 919 1739 μεθ’
942 1646 1037 1737 ήμῶν
1055 1649 1112 1717 καὶ
1135 1653 1308 1717 πιστεύσαι

353 1748 497 1822 σεαυτὸν
513 1756 624 1823 ἐλπίδι
643 1761 825 1844 κρείττονι,
847 1745 871 1844 ᾖ
889 1753 1011 1831 πάντες
1030 1750 1307 1839 πεπιστεύκαμεν,

352 1850 550 1943 ήτεθνάναι
563 1852 628 1946 ήδη
649 1856 733 1945 πρὸς
747 1855 853 1945 ἡμῶν.
887 1863 919 1926 εί
936 1855 998 1944 μὲν
1017 1845 1081 1923 ούν
1099 1852 1141 1923 τά
1160 1852 1307 1945 παρόντα

352 1960 457 2043 ἕλοιο,
472 1956 577 2026 πολλὰ
594 1959 634 2028 τά
645 1959 764 2047 ἐφόδια
778 1964 812 2041 ἐς
825 1956 956 2048 ἀγαθάς
971 1962 1118 2044 ἐλπίδας,
1133 1957 1173 2026 τό
1186 1985 1224 2026 τε
1236 1964 1306 2027 Μα-

351 2062 485 2148 ξιμίνου
499 2059 589 2147 παρά
602 2069 683 2131 πᾶσι
696 2078 809 2152 μῖσος,
829 2063 937 2143 πόθος
954 2088 990 2131 τε
1003 2066 1206 2149 τυραννίδος
1219 2057 1306 2149 άμής
1318 2086 1334 2128 ιε

351 2158 579 2250 άπαλλάξεως,
594 2167 651 2235 καὶ
669 2168 706 2235 ἐν
719 2182 791 2247 ταῖς
807 2167 1065 2254 προγενομέναις
1077 2164 1240 2253 πράξεσιν
1253 2159 1306 2233 εύ-

351 2270 540 2353 δωιίμησις,
561 2274 599 2338 ἔν
619 2296 656 2339 τε
682 2269 857 2361 συγκλήτῳ
883 2270 939 2338 καὶ
961 2275 1006 2360 τῷ
1026 2264 1196 2356 Ῥωμαίων
1216 2266 1306 2359 δήμῳ

318 2382 336 2440 6
352 2375 475 2457 γνῶσις
489 2366 552 2438 ούκ
566 2367 691 2460 ἀσημος
704 2375 760 2443 καὶ
773 2371 851 2460 τιμή
867 2375 999 2454 ἔνδοξος
1012 2367 1073 2440 ἀεί.
1117 2368 1307 2441 ἀντειπόντι

351 2472 392 2542 δί
403 2493 457 2542 σοι
470 2474 526 2542 καὶ
539 2473 583 2562 μή
598 2476 851 2563 συμπνεύσαυτι
869 2472 949 2564 ἡμῖν
967 2474 1113 2563 σήμερον
1126 2476 1222 2555 τέλος
1236 2478 1306 2545 ἐπι-

349 2582 509 2648 κείσεται·
525 2574 742 2668 ἀπολούμεθα
755 2580 794 2649 δὲ
806 2581 862 2649 καὶ
876 2576 989 2666 αὐτοί,
1007 2584 1038 2646 εί
1049 2579 1135 2665 δέοι,
1151 2598 1336 2665 προαπο-ιι

349 2681 505 2761 λίσαντες
525 2682 615 2773 <σε>.
638 2690 738 2773 ἔργον
759 2681 823 2773 γάρ
847 2679 927 2771 ἡμῖν
945 2681 1138 2770 τετόλμηται
1158 2688 1306 2771 μείζονος

349 2778 571 2871 ἀπογνώσεως
585 2787 761 2875 δεόμενον·
780 2802 885 2856 κεῖται
905 2782 969 2875 γάρ
991 2782 1086 2873 ὁτῆς
1105 2789 1306 2874 τυραννίδος

348 2880 531 2975 ὑπηρέτης,
556 2891 612 2958 καὶ
634 2894 729 2970 δίκας
758 2886 925 2978 ὠμότητος
950 2891 1093 2978 παρέσχε
1122 2889 1306 2975 φονευθεὶς

347 2982 412 3076 ὑφ’
428 2984 533 3077 ήμῶν.
560 2989 616 3079 ἐφ’
633 2987 683 3073 οἷς
695 2987 738 3079 ήυ
750 2991 812 3079 μὲν
824 2987 905 3079 ήμϊν
918 2992 1049 3083 συνάρη
1068 2992 1124 3061 καὶ
1143 2989 1306 3072 κοινωνός

346 3097 416 3161 τῶν
435 3092 607 3163 κινδύνων
627 3095 724 3183 γένη,
745 3090 845 3175 αύτός
865 3122 899 3163 τε
913 3103 971 3184 τῆς
990 3098 1027 3164 ἐν
1040 3102 1194 3187 βασιλείᾳ
1211 3100 1304 3183 τιμής
1315 3116 1336 3158 ιι

347 3190 564 3282 ἀπολαύσεις,
579 3195 616 3264 τό
630 3222 665 3265 τε
679 3193 759 3284 ἡμῖν
772 3205 995 3287 προκείμενον
1008 3204 1108 3288 ἔργον
1122 3197 1304 3287 ἐπαινεθή·

348 3317 441 3367 σεται
454 3299 510 3366 καὶ
525 3294 565 3367 ού
580 3297 850 3388 κολασθήσεται.”

316 3405 332 3461 7
450 3401 587 3470 τοιαύτά
603 3430 678 3472 τινα
697 3406 850 3492 λέγοντος
869 3411 930 3473 τού
944 3410 1125 3474 νεανίσκου
1137 3400 1205 3473 ούκ
1221 3399 1304 3484 άνατ

346 3499 510 3590 σχόμενου
522 3503 560 3573 τὸ
581 3505 701 3577 λοιπόν
720 3500 1149 3599 πλῆθοςζισυνδραμόντων
1164 3503 1232 3597 ήδη
1246 3510 1302 3580 καλ

278 3704 280 3709 Α
335 3604 480 3677 πάντων
501 3615 571 3681 τῶν
591 3608 676 3682 κατὰ
701 3609 763 3703 τήν
786 3610 884 3682 πόλιν
906 3602 1021 3697 ἐπειδή
1043 3615 1260 3700 διεφοίτησεν
1280 3608 1335 3703 ήιι

321 3707 443 3805 φήμη,
464 3717 641 3811 σεβαστόν
662 3715 863 3815 Γορδιανδν
884 3708 1311 3799 ἀναγορεύειζεπαραετού-

299 3837 421 3905 μενος
441 3822 486 3898 δὲ
504 3830 568 3903 καὶ
591 3836 712 3929 γῆρας
730 3820 991 3924 προϊσχόμενος
1007 3816 1158 3891 ἐκεῖνος,
1169 3803 1287 3883 ’ἄλλως
1299 3806 1340 3872 δε
