3134 4367
327 425 386 487 158
737 431 880 491 ΕΚΤΟΝ

326 604 382 671 καὶ
403 600 482 683 τούς
503 598 694 692 ἀρύσασθαι
715 605 877 684 θέλοντας
899 599 945 690 μή
965 600 1102 682 κάλπεις
1122 598 1176 672 ἐπ’
1194 598 1280 695 αὐτῷ

325 707 410 793 μηδὲ
429 714 525 775 κοῖλα
544 704 648 794 σκεύη
671 708 804 794 φέρειν,
826 708 975 787 πελέκεις
990 705 1097 774 δὲκαὶ
1119 709 1279 793 δικέλλας,

326 805 372 877 ἵν’
389 809 590 891 ἐκκόψαντες
603 810 733 898 γυμνόν
745 838 782 878 τε
795 810 938 890 σκεύους
958 807 1118 899 ἀράμενοι
1136 808 1174 878 τό
1189 806 1278 898 ὕδωρ

326 912 476 1001 φέρωσιν
490 909 601 1000 ῶσπερ
616 920 727 981 λίθον.

292 1034 310 1085 8
426 1015 528 1103 φύσις
542 1014 603 1102 μέν
617 1014 658 1103 δή
672 1023 740 1085 τῶν
753 1020 912 1102 ποταμῶν
921 1010 1021 1102 αὕτη·
1042 1010 1059 1083 ὁ
1076 1015 1113 1083 δὲ
1130 1011 1303 1098 Ἀλέξων-ὅ

324 1125 404 1208 δρος
418 1123 662 1206 Μαυρουσίους
675 1146 710 1187 τε
723 1125 900 1198 πλείστους
912 1119 969 1186 καί
978 1120 1125 1212 τοξοτῶν·
1135 1116 1279 1207 ἀριθμόν

323 1219 433 1291 πολῶν
446 1220 649 1309 ἐπαγόμενος
663 1219 727 1291 ἀπὸ
738 1229 795 1309 τῆς
810 1218 971 1307 ἀνατολῆς
982 1228 1017 1289 ἐκ
1028 1248 1063 1289 τε
1072 1228 1131 1309 τῆς
1142 1219 1278 1312 Ὀσροη-

322 1332 393 1394 νῶν
405 1324 523 1415 χῶρας,
534 1327 590 1393 καί
604 1336 637 1394 εί
647 1353 735 1405 τινες
748 1330 961 1414 Παρθυαίων
975 1321 1152 1412 αὐτόμολοι
1167 1320 1190 1413 ή
1203 1324 1279 1413 χρή-

323 1449 425 1516 μασιν
452 1424 713 1509 ἀναπεισθέντες
736 1426 1013 1516 ήκολουθήκεσαν
1036 1424 1127 1520 αὐτῷ
1151 1428 1285 1516 βοηθή,

324 1553 454 1617 σοντες,
477 1531 613 1621 ἐξήρτυε
636 1531 677 1621 δή
700 1539 884 1619 Γερμανοῖς
909 1526 1100 1613 ἀντιτόξων.
1140 1532 1278 1619 μάλιστα
1292 1556 1309 1594 υ

323 1633 387 1722 γὰρ
401 1641 552 1715 τοιοῦτος
565 1634 704 1727 στρατός
723 1631 863 1723 ὀχληρός
885 1635 1025 1713 ἐκείνοις
1045 1642 1192 1721 γίνεται,
1214 1642 1277 1703 τῶν

322 1765 358 1807 τε
367 1746 601 1829 Μαυρουσίων
614 1740 795 1828 πόρρωθεν
809 1732 1049 1819 ἀκοντιζόντων
1065 1740 1122 1807 καί
1135 1736 1195 1819 τάς
1208 1741 1276 1807 ἐπι-

322 1839 447 1929 δρομάς
460 1839 518 1921 τάς
531 1870 566 1910 τε
580 1839 804 1932 ἀναχωρήσεις
820 1838 958 1927 κούφως
975 1844 1198 1929 ποιουμένων,
1213 1848 1277 1911 τῶν

322 1970 357 2011 τε
372 1949 514 2023 τοξοτῶν
528 1948 561 2023 ές
575 1943 703 2031 χυμνάς
716 1943 774 2024 τάς
788 1941 935 2031 κεφαλάς
948 1939 1061 2011 αὐτῶν
1074 1946 1131 2013 καί
1145 1944 1275 2033 σῶματα

321 2045 463 2133 ἐπιμήκη
478 2049 581 2136 ῥᾷστα
594 2049 650 2115 καὶ
670 2047 852 2134 πόρρωθεν
870 2043 953 2114 κατὰ
976 2054 1104 2116 σκοποῦ
1122 2048 1274 2131 τοξευόν-
1289 2060 1307 2102 1⁶

320 2175 389 2216 των
403 2203 410 2217 .
425 2204 432 2217 .
447 2198 455 2214 .
471 2149 613 2218 ἐπέθεόν
626 2178 662 2219 τε
676 2148 758 2240 πρός
768 2148 828 2237 τήν
839 2150 1008 2237 συστάδην
1021 2150 1129 2239 μάχην
1143 2149 1275 2222 ἀντιτυ-

321 2266 410 2339 πεῖς,
425 2254 481 2321 καὶ
495 2251 668 2340 ἰσόρροποι
683 2253 840 2334 πολλάκις
853 2248 1022 2339 Ῥωμαίοις
1035 2257 1203 2341 ἐγένοντο.

290 2371 307 2425 9
421 2351 634 2445 Ἀλέξανδρος
647 2356 709 2445 μὲν
722 2360 760 2426 ἐν
768 2356 900 2435 τούτοις
909 2346 965 2443 ἦν·
983 2354 1071 2444 πλήν
1085 2361 1200 2439 ἔδοξεν
1214 2354 1275 2427 αό-

319 2464 366 2552 τῶ
380 2466 561 2549 πρεσβείαν
581 2461 708 2548 πέμψαι
728 2458 812 2549 πρὸς
829 2455 952 2539 αὐτοὺς
971 2461 1028 2528 καὶ
1047 2462 1124 2548 περὶ
1142 2461 1275 2550 εἰρήνης

319 2564 545 2650 διαλέγεσθαι.
589 2563 697 2633 πάντα
723 2590 758 2633 τε
785 2559 976 2650 ὑπισχνεῖτο
1001 2566 1157 2652 παρέξειν
1185 2561 1273 2633 ὅσων
1287 2584 1308 2625 ²⁰

319 2668 467 2754 δέονται,
487 2669 545 2735 καὶ
562 2667 740 2757 χρημάτων
768 2663 916 2755 ἀφειδῶς
943 2671 1040 2752 ἔχειν.
1080 2667 1190 2760 τοότφ
1211 2665 1273 2756 γὰρ

318 2768 460 2857 μάλιστα
485 2774 654 2857 Γερμανοὶ
673 2779 865 2857 πείθονται,
890 2769 1097 2857 φιλάρχυροί
1121 2798 1157 2839 τε
1180 2766 1273 2851 ὅντες

318 2872 375 2938 καλ
395 2869 457 2959 τήν
477 2873 614 2961 είρήνην
635 2871 686 2941 ἀεὶ
705 2866 789 2959 πρός
803 2869 982 2959 Ῥωμαίους
1000 2880 1143 2961 χρυσίου
1164 2900 1273 2962 καπη-

317 2972 489 3053 λεάουτες·
514 2970 640 3044 όθενδ
657 2972 870 3061 Ἀλέξανδρος
896 2977 1049 3061 ε’πειράτο
1076 2973 1271 3065 ῶνήσασθαι

317 3082 445 3164 μᾶλλον
458 3067 514 3157 τάς
528 3074 611 3166 πρὸς
624 3074 748 3157 αὐτοὺς
766 3075 912 3157 σπονδάς
925 3073 946 3166 η’
960 3077 1016 3147 διά
1029 3082 1178 3169 πολέμου
1196 3108 1269 3150 κιν-
1283 3103 1306 3145 κ

268 3195 302 3248 10
318 3178 486 3248 δυνεόειν.
545 3185 582 3249 oc
603 3183 717 3268 μέντοι
747 3187 944 3271 στρατιῶται
969 3189 1120 3269 χαλεπῶς
1146 3190 1270 3273 ἔφερον

316 3286 488 3371 διατριβῆς
501 3310 537 3352 τε
550 3290 689 3371 ματαίας
702 3286 934 3373 ἐγγινομένης,
950 3287 1005 3353 καὶ
1018 3287 1125 3374 μηδέν
1143 3313 1177 3356 τι
1191 3314 1269 3376 χεν-

313 3398 412 3453 ναῖον
433 3380 455 3472 ή
476 3386 655 3476 πρόθυμον
678 3391 711 3468 ἐς
736 3386 773 3456 τδ
799 3396 957 3476 πολεμεῖν
984 3391 1187 3478 παρέχοντος
1208 3396 1268 3459 τοῦ

309 3484 547 3579 Ἀλεξάνδρου,
562 3486 634 3559 ἀλλ’
651 3487 831 3579 ἡνιοχείαις
849 3494 905 3560 καὶ
923 3507 1066 3580 τρυφαῖς
1085 3496 1268 3583 προσέχον-

311 3620 384 3681 τος,
406 3592 486 3661 δέον
505 3595 697 3675 ἐπεξελθεῖν
716 3598 772 3665 καῖ
792 3594 1045 3685 τιμωρήσασθαι
1069 3594 1266 3685 Γερμανοῶς
1281 3624 1305 3667 ιο

280 3698 369 3765 8ἐπῖ
390 3700 743 3791 τοῖςχτετολμημένοις.
793 3688 837 3786 ήν
865 3699 905 3766 δέ
930 3725 979 3777 τις
1007 3701 1044 3768 ἐν
1070 3707 1115 3791 τῷ
1138 3705 1268 3793 στρατῷ

220 3861 224 3884 ,
248 3879 251 3884 ,
299 3802 498 3891 Μαξιμῖνος
516 3796 639 3896 ὄνομα,
658 3794 696 3876 τό
716 3802 776 3895 μὲν
796 3804 892 3894 γένος
906 3806 975 3869 τῶν
993 3802 1159 3874 ἐνδοτάτω
1175 3812 1267 3897 θθῖ·
