3134 4367
325 448 366 511 ει
485 495 491 512 ,
639 448 918 544 Ι,ιιεινιιυου

291 630 310 689 2
328 621 522 710 πυθόμενος
538 618 579 689 τὰ
592 622 810 708 πεπραγμένα
829 622 1027 689 ἐπιδίδωσιν
1048 619 1179 689 ἑαυτόν.
1232 622 1290 689 καί

325 731 461 817 πρῶτον
481 721 615 813 ἀρέσκει
636 732 820 812 προελθεῖν
846 725 901 792 ἐπὶ
920 720 958 791 τὸ
985 722 1171 812 στρατόπεδ
1185 725 1284 792 ονκαί

325 845 447 920 πεῖραν
459 833 517 916 της
530 826 665 915 γνῶμης
678 832 748 895 τῶν
766 831 980 915 στρατιωτῶν
1001 834 1134 915 λαβεῖν·
1157 833 1289 896 πείσειν

326 933 365 1003 δὲ
378 928 501 1010 αύτούς
514 927 533 999 ὁ
546 939 669 1009 Λαῖτος
680 925 886 1017 ὑπισχνεῖτο,
898 932 1036 1020 ἐπείπερ
1050 927 1143 1023 αύτῷ
1157 930 1288 1022 ἐπάρχῳ

296 1054 313 1105 2
327 1034 399 1107 όντι
414 1041 553 1124 μετρίαν
566 1031 734 1121 ἀπένεμον
747 1037 844 1101 αἰδῶ.
891 1033 1211 1122 συμπαραλαβόντες
1225 1024 1289 1102 ούν
1305 1051 1319 1090 ⁵

325 1141 384 1209 καί
405 1143 475 1208 τῶν
494 1141 623 1206 λοιπῶν
642 1132 715 1206 ὅσοι
734 1141 907 1225 παρῆσαν,
929 1137 984 1205 ἐπὶ
1004 1133 1042 1205 τὸ
1061 1137 1290 1226 στρατόπεδον

325 1240 516 1333 ἠπείγοντο.
551 1237 617 1328 ἤδη
638 1240 676 1309 δὲ
696 1240 752 1308 καί
771 1237 809 1307 τό
827 1248 984 1308 πλεῖστον
997 1245 1055 1328 τῆς
1069 1238 1191 1320 νυκτὸς
1205 1265 1289 1330 προ-

299 1345 525 1435 σκεχωρήκει,
552 1345 608 1412 καλ
634 1349 692 1432 τῆς
725 1344 840 1432 ἑορτῆς
867 1341 1050 1432 ἐνεστώσης
1075 1341 1141 1433 πρό
1166 1339 1292 1433 ἡμέρας

327 1448 436 1519 πάντα
450 1445 638 1537 ἐπράττετο.
673 1448 899 1535 διαπέμπουσι
917 1446 960 1535 δή
973 1473 1067 1526 τινας
1079 1452 1149 1516 τῶν
1162 1451 1291 1517 πιστῶν

327 1549 406 1632 τούς
419 1549 659 1639 διαβοήσοντας
672 1546 722 1619 ὅτι
737 1544 755 1618 δ
768 1548 946 1637 Κόμμοδος
959 1552 1104 1639 τέθνηκε
1117 1552 1190 1639 μέν,
1197 1559 1289 1639 Περ·
1309 1572 1335 1614 ιο

295 1666 313 1720 3
328 1657 422 1737 τίναξ
437 1654 474 1724 δὲ
488 1657 521 1733 ἐς
534 1651 572 1723 τό
585 1652 814 1741 στρατόπεδον
826 1651 1038 1740 βασιλεύσων
1051 1652 1175 1723 ἄπεισι.
1216 1660 1291 1723 δια-

329 1756 519 1849 δραμούσης
540 1757 579 1827 δὲ
597 1762 655 1845 τῆς
675 1756 787 1846 φήμης
811 1760 875 1837 πᾶς
903 1752 922 1825 ὁ
942 1762 1046 1845 δῆμος
1067 1760 1293 1828 ἐνθουσιῶντι

329 1859 445 1940 ἐοικῶς
465 1860 715 1949 ἐξεβακχεύετο,
743 1858 881 1929 διέθεόν
907 1887 961 1946 τε,
988 1862 1045 1929 καί
1070 1877 1139 1940 τοῖς
1157 1866 1294 1939 οἰκείοις

329 1968 466 2042 ἕκαστος
479 1970 606 2052 χαίρων
621 1962 808 2052 διήγγελλε,
816 1964 873 2031 καλ
883 1963 1025 2051 μάλιστα
1037 1981 1106 2044 τοῖς
1122 1960 1176 2032 ἐπ’
1192 1961 1291 2047 οἰξιῶη

330 2087 415 2146 σεως
439 2061 461 2155 ἢ
481 2072 669 2146 πλουσίοις·
704 2068 846 2144 ἐκείνοις
866 2063 930 2156 γὰρ
951 2068 1008 2135 καί
1028 2067 1292 2156 ἐπιβουλεύοντα
1312 2089 1337 2131 ιο

330 2168 457 2261 ᾔδεσαν
470 2167 530 2238 τὸν
542 2168 734 2258 Κόμμοδον.
763 2168 867 2238 ἐθεόν
880 2196 916 2238 τε
935 2177 1016 2259 περί
1030 2198 1068 2239 τε
1087 2169 1127 2239 τύ
1150 2168 1224 2260 ἰεροὶ
1238 2173 1296 2239 καὶ

301 2286 318 2340 4
332 2271 483 2363 βωμούς,
496 2271 631 2361 χάριτας
643 2283 738 2352 θεοῖς
752 2268 1002 2360 ὁμολογοῦντες.
1044 2273 1152 2362 ἐβόων
1166 2274 1204 2344 δὲ
1219 2274 1293 2343 διά-

331 2404 437 2466 φορα,
451 2382 485 2445 οἳ
503 2376 566 2464 μὲν
586 2386 722 2446 κεῖσθαι
741 2373 803 2444 τὸν
823 2374 993 2465 τύραννον
1012 2380 1182 2465 λέγοντες,
1202 2384 1237 2446 οἳ
1256 2378 1295 2447 δὲ

329 2478 390 2549 τόν
402 2479 608 2568 μονομάχον,
628 2475 723 2549 ῶλλοι
744 2479 781 2548 δὲ
802 2475 1032 2569 ἄπρεπέστερα
1052 2485 1292 2570 βλασφημοῦν-

330 2605 400 2665 τες·
414 2585 471 2653 καί
484 2580 545 2653 ὅσα
559 2580 724 2674 πρότερον
738 2585 870 2670 ἐπεῖχεν
884 2578 902 2652 δ
916 2582 1021 2671 φόβος
1035 2584 1174 2673 ῥήματα,
1188 2589 1294 2654 ταύτοι
1310 2604 1338 2645 2⁰

331 2687 563 2779 προελθούσης
582 2684 697 2768 ἀδείας
715 2689 772 2756 καί
793 2689 989 2776 ἐλευθερίας
1008 2690 1133 2778 ῥαδίως
1152 2690 1293 2774 ἐλέγετο.

331 2801 488 2861 πλεῖστον
502 2788 544 2879 δη
557 2796 619 2859 τού
633 2790 742 2879 δήμου
762 2793 903 2860 συνέθει
924 2789 1037 2882 δρόμῳ
1058 2792 1112 2860 ἐπί
1133 2788 1170 2860 τό
1190 2811 1292 2880 στρα-

330 2894 490 2963 τόπεδον·
510 2889 690 2982 η’πείγοντο
704 2893 742 2961 δὲ
755 2892 898 2982 μάλιστα
919 2892 1066 2973 δεδιότες
1080 2893 1126 2983 μή
1140 2920 1211 2974 πως
1230 2892 1295 2983 ύρα

332 3000 368 3066 οἰ
383 3000 581 3083 στρατιῶται
595 2991 818 3085 ὀκνηρότερον
830 2991 1049 3064 ὑπακούσωσι
1067 3002 1109 3086 τῇ
1128 3002 1189 3066 τού
1202 3007 1293 3087 Περ-

304 3105 469 3177 5τίυακος
488 3094 583 3185 ιἰρχῇ.
637 3098 801 3186 ἐσομένην
820 3094 884 3187 γὰρ
904 3097 1065 3187 σαόφρονα
1085 3097 1130 3189 μὴ
1152 3099 1243 3170 πάνυ
1262 3127 1337 3181 τινα

333 3199 562 3283 όποδέξασθαι
575 3198 652 3279 τούς
666 3199 868 3290 στρατιῶτας
878 3202 1105 3289 προσεδόκων,
1116 3210 1295 3293 τυραννίδι

334 3303 511 3375 δουλεύειν
525 3306 748 3392 εἰθισμένους,
759 3299 925 3394 ἁρπαγαῖς
938 3309 1039 3376 τεκαὶ
1050 3314 1139 3395 βίαις
1154 3311 1294 3395 ἐγγεγυ-

335 3410 554 3498 μνασμένους.
582 3405 628 3477 ἵν’
645 3398 708 3476 ούν
722 3404 845 3488 αύτούς
865 3409 1073 3497 ἐκβιύσοιντο
1093 3406 1296 3498 ὑπακούσαι,

335 3512 502 3599 πανδημεὶ
515 3516 700 3599 συνῆλθον.
736 3513 809 3580 ἐπεὶ
826 3512 863 3581 δέ
877 3514 1031 3600 ἐγένοντο
1045 3517 1082 3582 ἐν
1095 3520 1143 3607 τῶ
1156 3536 1295 3604 στρατο-

335 3616 445 3708 πέδῳ,
471 3608 629 3694 ὁΛαῖτός
653 3640 690 3683 τε
707 3616 764 3683 καὶ
780 3612 957 3698 ’Ἐκλεκτος
977 3622 1137 3707 εἰσῆλθον
1156 3616 1294 3705 ἄγοντες
1312 3650 1339 3692 ao

333 3715 394 3789 τόν
413 3721 621 3806 Περτίνακα·
649 3721 856 3806 συγκαλέσας
880 3747 917 3790 τε
943 3717 1021 3800 τούς
1046 3721 1250 3809 στρατιῶτας
1277 3718 1295 3791 δ

318 3828 451 3901 Δαῖτος
461 3822 557 3905 ἔλεξε
569 3818 692 3893 τοιοίδε.

197 3865 205 4002 λ
