<?xml version="1.0" encoding="UTF-8"?>
<!DOCTYPE html PUBLIC "-//W3C//DTD XHTML 1.0 Transitional//EN"
    "http://www.w3.org/TR/xhtml1/DTD/xhtml1-transitional.dtd">
<html xmlns="http://www.w3.org/1999/xhtml" xml:lang="en" lang="en">
 <head>
  <title>
</title>
<meta http-equiv="Content-Type" content="text/html;charset=utf-8" />
  <meta name='ocr-system' content='tesseract 3.04.00' />
  <meta name='ocr-capabilities' content='ocr_page ocr_carea ocr_par ocr_line ocrx_word'/>
</head>
<body>
  <div class='ocr_page' id='page_1' title='image "./herodianiabexce00herogoog_0209.png"; bbox 0 0 3134 4367; ppageno 0'>
   <div class='ocr_carea' id='block_1_1' title="bbox 683 438 1251 502">
    <p class='ocr_par' dir='ltr' id='par_1_1' title="bbox 683 438 1251 502">
     <span class='ocr_line' id='line_1_1' title="bbox 683 438 1251 502; baseline 0.004 -2"><span class='ocrx_word' id='word_1_1' title='bbox 683 440 857 500; x_wconf 87' lang='grc' dir='ltr'><em>ΟΓΔΟΟΝ</em></span> <span class='ocrx_word' id='word_1_2' title='bbox 1185 438 1251 502; x_wconf 75' lang='grc'><strong><em>199</em></strong></span> 
     </span>
    </p>
   </div>
   <div class='ocr_carea' id='block_1_2' title="bbox 254 607 1300 3804">
    <p class='ocr_par' dir='ltr' id='par_1_2' title="bbox 254 607 1300 3804">
     <span class='ocr_line' id='line_1_2' title="bbox 287 607 1281 702; baseline 0.005 -21"><span class='ocrx_word' id='word_1_3' title='bbox 287 617 352 682; x_wconf 85' lang='grc' dir='ltr'><strong><em>τοῦ</em></strong></span> <span class='ocrx_word' id='word_1_4' title='bbox 372 610 571 702; x_wconf 82' lang='grc' dir='ltr'><strong><em>έχρησαντο,</em></strong></span> <span class='ocrx_word' id='word_1_5' title='bbox 589 615 685 692; x_wconf 98' lang='grc' dir='ltr'><strong><em>δίκας</em></strong></span> <span class='ocrx_word' id='word_1_6' title='bbox 699 615 847 701; x_wconf 81' lang='grc' dir='ltr'><strong><em>πονηρῶς</em></strong></span> <span class='ocrx_word' id='word_1_7' title='bbox 866 607 970 701; x_wconf 79' lang='grc' dir='ltr'><strong><em>ἀρχῆς</em></strong></span> <span class='ocrx_word' id='word_1_8' title='bbox 991 607 1210 702; x_wconf 77' lang='grc' dir='ltr'><strong><em>ὑποσχόντες·</em></strong></span> <span class='ocrx_word' id='word_1_9' title='bbox 1230 608 1281 687; x_wconf 87' lang='grc' dir='ltr'><strong><em>δ6</em></strong></span> 
     </span>
     <span class='ocr_line' id='line_1_3' title="bbox 289 709 1253 807; baseline 0.002 -22"><span class='ocrx_word' id='word_1_10' title='bbox 289 714 330 785; x_wconf 73' lang='grc' dir='ltr'><strong><em>δὲ</em></strong></span> <span class='ocrx_word' id='word_1_11' title='bbox 343 712 482 801; x_wconf 86' lang='grc' dir='ltr'><strong><em>στρατὸς</em></strong></span> <span class='ocrx_word' id='word_1_12' title='bbox 496 721 560 796; x_wconf 84' lang='grc' dir='ltr'><strong><em>πῶς</em></strong></span> <span class='ocrx_word' id='word_1_13' title='bbox 574 710 619 796; x_wconf 90' lang='grc' dir='ltr'><strong><em>ῶς</em></strong></span> <span class='ocrx_word' id='word_1_14' title='bbox 632 714 781 785; x_wconf 82' lang='grc' dir='ltr'><strong><em>ἐπύθετο</em></strong></span> <span class='ocrx_word' id='word_1_15' title='bbox 799 712 840 785; x_wconf 83' lang='grc' dir='ltr'><strong><em>τά</em></strong></span> <span class='ocrx_word' id='word_1_16' title='bbox 852 709 1041 805; x_wconf 76' lang='grc' dir='ltr'><strong><em>γενόμενα,</em></strong></span> <span class='ocrx_word' id='word_1_17' title='bbox 1057 722 1096 786; x_wconf 84' lang='grc' dir='ltr'><strong><em>έν</em></strong></span> <span class='ocrx_word' id='word_1_18' title='bbox 1113 744 1149 787; x_wconf 90' lang='grc' dir='ltr'><strong><em>τε</em></strong></span> <span class='ocrx_word' id='word_1_19' title='bbox 1162 714 1253 807; x_wconf 84' lang='grc' dir='ltr'><strong><em>ἀφα-</em></strong></span> 
     </span>
     <span class='ocr_line' id='line_1_4' title="bbox 291 808 1253 911; baseline 0.003 -24"><span class='ocrx_word' id='word_1_20' title='bbox 291 824 352 911; x_wconf 80' lang='grc' dir='ltr'><strong><em>σίᾳ</em></strong></span> <span class='ocrx_word' id='word_1_21' title='bbox 369 808 457 906; x_wconf 80' lang='grc' dir='ltr'><strong><em>ἦσαν</em></strong></span> <span class='ocrx_word' id='word_1_22' title='bbox 476 820 533 888; x_wconf 86' lang='grc' dir='ltr'><strong><em>καί</em></strong></span> <span class='ocrx_word' id='word_1_23' title='bbox 554 814 597 887; x_wconf 85' lang='grc' dir='ltr'><strong><em>οά</em></strong></span> <span class='ocrx_word' id='word_1_24' title='bbox 609 816 701 888; x_wconf 92' lang='grc' dir='ltr'><strong><em>πάνυ</em></strong></span> <span class='ocrx_word' id='word_1_25' title='bbox 713 847 746 888; x_wconf 85' lang='grc' dir='ltr'><strong><em>τι</em></strong></span> <span class='ocrx_word' id='word_1_26' title='bbox 765 824 813 911; x_wconf 77' lang='grc' dir='ltr'><strong><em>τῷ</em></strong></span> <span class='ocrx_word' id='word_1_27' title='bbox 832 820 1018 907; x_wconf 76' lang='grc' dir='ltr'><strong><em>πραχθέντι</em></strong></span> <span class='ocrx_word' id='word_1_28' title='bbox 1031 818 1154 901; x_wconf 86' lang='grc' dir='ltr'><strong><em>πάντες</em></strong></span> <span class='ocrx_word' id='word_1_29' title='bbox 1172 817 1253 909; x_wconf 75' lang='grc' dir='ltr'><strong><em>ἠρέ-</em></strong></span> 
     </span>
     <span class='ocr_line' id='line_1_5' title="bbox 291 918 1253 1012; baseline 0.001 -22"><span class='ocrx_word' id='word_1_30' title='bbox 291 943 434 1011; x_wconf 89' lang='grc' dir='ltr'><strong><em>σκοντο,</em></strong></span> <span class='ocrx_word' id='word_1_31' title='bbox 448 923 504 991; x_wconf 89' lang='grc' dir='ltr'><strong><em>καί</em></strong></span> <span class='ocrx_word' id='word_1_32' title='bbox 517 920 659 1010; x_wconf 85' lang='grc' dir='ltr'><strong><em>μάλιστά</em></strong></span> <span class='ocrx_word' id='word_1_33' title='bbox 672 948 711 1009; x_wconf 87' lang='grc' dir='ltr'><strong><em>γε</em></strong></span> <span class='ocrx_word' id='word_1_34' title='bbox 725 926 764 991; x_wconf 87' lang='grc' dir='ltr'><strong><em>οἰ</em></strong></span> <span class='ocrx_word' id='word_1_35' title='bbox 770 927 918 1003; x_wconf 83' lang='grc' dir='ltr'><strong><em>Παίονες</em></strong></span> <span class='ocrx_word' id='word_1_36' title='bbox 931 923 988 992; x_wconf 84' lang='grc' dir='ltr'><strong><em>καλ</em></strong></span> <span class='ocrx_word' id='word_1_37' title='bbox 1001 918 1076 992; x_wconf 81' lang='grc' dir='ltr'><strong><em>ὅσοι</em></strong></span> <span class='ocrx_word' id='word_1_38' title='bbox 1089 921 1253 1012; x_wconf 81' lang='grc' dir='ltr'><strong><em>βάρβαροι</em></strong></span> 
     </span>
     <span class='ocr_line' id='line_1_6' title="bbox 261 1019 1254 1117; baseline 0.003 -25"><span class='ocrx_word' id='word_1_39' title='bbox 261 1052 274 1092; x_wconf 82' lang='grc' dir='ltr'><strong><em>ο</em></strong></span> <span class='ocrx_word' id='word_1_40' title='bbox 293 1031 440 1115; x_wconf 77' lang='grc' dir='ltr'><strong><em>Θρᾷκες,</em></strong></span> <span class='ocrx_word' id='word_1_41' title='bbox 456 1030 491 1093; x_wconf 81' lang='grc' dir='ltr'><strong><em>οἳ</em></strong></span> <span class='ocrx_word' id='word_1_42' title='bbox 502 1026 559 1094; x_wconf 79' lang='grc' dir='ltr'><strong><em>καὶ</em></strong></span> <span class='ocrx_word' id='word_1_43' title='bbox 572 1019 635 1114; x_wconf 75' lang='grc' dir='ltr'><strong><em>τὴν</em></strong></span> <span class='ocrx_word' id='word_1_44' title='bbox 648 1021 755 1113; x_wconf 79' lang='grc' dir='ltr'><strong><em>ἀρχὴν</em></strong></span> <span class='ocrx_word' id='word_1_45' title='bbox 768 1020 861 1117; x_wconf 76' lang='grc' dir='ltr'><strong><em>αὐτῷ</em></strong></span> <span class='ocrx_word' id='word_1_46' title='bbox 874 1027 1151 1115; x_wconf 76' lang='grc' dir='ltr'><strong><em>ἐγκεχειρίκεσαν.</em></strong></span> <span class='ocrx_word' id='word_1_47' title='bbox 1165 1023 1254 1114; x_wconf 79' lang='grc' dir='ltr'><strong><em>πλὴν</em></strong></span> 
     </span>
     <span class='ocr_line' id='line_1_7' title="bbox 292 1123 1251 1219; baseline 0.001 -23"><span class='ocrx_word' id='word_1_48' title='bbox 292 1134 355 1197; x_wconf 81' lang='grc' dir='ltr'><strong><em>τοῦ</em></strong></span> <span class='ocrx_word' id='word_1_49' title='bbox 376 1134 478 1217; x_wconf 79' lang='grc' dir='ltr'><strong><em>ἔργον</em></strong></span> <span class='ocrx_word' id='word_1_50' title='bbox 498 1123 585 1211; x_wconf 78' lang='grc' dir='ltr'><strong><em>άπαξ</em></strong></span> <span class='ocrx_word' id='word_1_51' title='bbox 608 1127 786 1216; x_wconf 77' lang='grc' dir='ltr'><strong><em>γεγονότος</em></strong></span> <span class='ocrx_word' id='word_1_52' title='bbox 809 1123 947 1210; x_wconf 83' lang='grc' dir='ltr'><strong><em>ἀκοντες</em></strong></span> <span class='ocrx_word' id='word_1_53' title='bbox 959 1131 1038 1217; x_wconf 85' lang='grc' dir='ltr'><strong><em>μέν,</em></strong></span> <span class='ocrx_word' id='word_1_54' title='bbox 1057 1135 1182 1219; x_wconf 75' lang='grc' dir='ltr'><strong><em>ἔφερον</em></strong></span> <span class='ocrx_word' id='word_1_55' title='bbox 1196 1131 1236 1198; x_wconf 91' lang='grc' dir='ltr'><strong><em>δέ</em></strong></span> <span class='ocrx_word' id='word_1_56' title='bbox 1243 1149 1251 1165; x_wconf 85' lang='grc'><em>·</em></span> 
     </span>
     <span class='ocr_line' id='line_1_8' title="bbox 292 1220 1254 1322; baseline -0.001 -22"><span class='ocrx_word' id='word_1_57' title='bbox 292 1226 423 1319; x_wconf 79' lang='grc' dir='ltr'><strong><em>ἀνάγκη</em></strong></span> <span class='ocrx_word' id='word_1_58' title='bbox 439 1258 475 1302; x_wconf 88' lang='grc' dir='ltr'><strong><em>τε</em></strong></span> <span class='ocrx_word' id='word_1_59' title='bbox 490 1220 535 1319; x_wconf 80' lang='grc' dir='ltr'><strong><em>ἦν</em></strong></span> <span class='ocrx_word' id='word_1_60' title='bbox 548 1230 757 1319; x_wconf 82' lang='grc' dir='ltr'><strong><em>συνήδεσθαι</em></strong></span> <span class='ocrx_word' id='word_1_61' title='bbox 771 1246 842 1313; x_wconf 80' lang='grc' dir='ltr'><strong><em>τοῖς</em></strong></span> <span class='ocrx_word' id='word_1_62' title='bbox 855 1242 1055 1322; x_wconf 70' lang='grc' dir='ltr'><strong><em>πραχθεῖσιν</em></strong></span> <span class='ocrx_word' id='word_1_63' title='bbox 1071 1228 1254 1320; x_wconf 81' lang='grc' dir='ltr'><strong><em>ὑποκρινο-</em></strong></span> 
     </span>
     <span class='ocr_line' id='line_1_9' title="bbox 292 1330 1284 1429; baseline 0 -26"><span class='ocrx_word' id='word_1_64' title='bbox 292 1335 417 1421; x_wconf 80' lang='grc' dir='ltr'><strong><em>μένοις.</em></strong></span> <span class='ocrx_word' id='word_1_65' title='bbox 469 1336 696 1423; x_wconf 88' lang='grc' dir='ltr'><strong><em>καταθέμενοί</em></strong></span> <span class='ocrx_word' id='word_1_66' title='bbox 712 1362 749 1404; x_wconf 88' lang='grc' dir='ltr'><strong><em>τε</em></strong></span> <span class='ocrx_word' id='word_1_67' title='bbox 768 1332 810 1405; x_wconf 82' lang='grc' dir='ltr'><strong><em>τά</em></strong></span> <span class='ocrx_word' id='word_1_68' title='bbox 830 1330 917 1405; x_wconf 83' lang='grc' dir='ltr'><strong><em>ὅπλα</em></strong></span> <span class='ocrx_word' id='word_1_69' title='bbox 937 1338 975 1405; x_wconf 84' lang='grc' dir='ltr'><strong><em>έν</em></strong></span> <span class='ocrx_word' id='word_1_70' title='bbox 995 1339 1153 1429; x_wconf 76' lang='grc' dir='ltr'><strong><em>εἰρηνικῶ</em></strong></span> <span class='ocrx_word' id='word_1_71' title='bbox 1171 1333 1284 1422; x_wconf 64' lang='lat' dir='ltr'><strong><em>axvi-2</em></strong></span> 
     </span>
     <span class='ocr_line' id='line_1_10' title="bbox 293 1434 1256 1528; baseline 0 -21"><span class='ocrx_word' id='word_1_72' title='bbox 293 1465 373 1526; x_wconf 89' lang='grc' dir='ltr'><strong><em>ματι</em></strong></span> <span class='ocrx_word' id='word_1_73' title='bbox 386 1436 577 1528; x_wconf 79' lang='grc' dir='ltr'><strong><em>προσῄεσαν</em></strong></span> <span class='ocrx_word' id='word_1_74' title='bbox 589 1452 659 1519; x_wconf 74' lang='grc' dir='ltr'><strong><em>τοῖς</em></strong></span> <span class='ocrx_word' id='word_1_75' title='bbox 671 1444 794 1526; x_wconf 84' lang='grc' dir='ltr'><strong><em>τείχεσι</em></strong></span> <span class='ocrx_word' id='word_1_76' title='bbox 812 1452 881 1520; x_wconf 82' lang='grc' dir='ltr'><strong><em>τοϊς</em></strong></span> <span class='ocrx_word' id='word_1_77' title='bbox 895 1434 1118 1527; x_wconf 77' lang='grc' dir='ltr'><strong><em>Ἀκυλησίων,</em></strong></span> <span class='ocrx_word' id='word_1_78' title='bbox 1134 1435 1256 1527; x_wconf 83' lang='grc' dir='ltr'><strong><em>ἀγγέλ-</em></strong></span> 
     </span>
     <span class='ocr_line' id='line_1_11' title="bbox 254 1538 1257 1630; baseline 0 -20"><span class='ocrx_word' id='word_1_79' title='bbox 254 1571 278 1611; x_wconf 84' lang='grc' dir='ltr'><strong><em>ιο</em></strong></span> <span class='ocrx_word' id='word_1_80' title='bbox 293 1547 410 1621; x_wconf 91' lang='grc' dir='ltr'><strong><em>λοντες</em></strong></span> <span class='ocrx_word' id='word_1_81' title='bbox 423 1538 483 1612; x_wconf 85' lang='grc' dir='ltr'><strong><em>τὸν</em></strong></span> <span class='ocrx_word' id='word_1_82' title='bbox 497 1539 605 1630; x_wconf 86' lang='grc' dir='ltr'><strong><em>φόνον</em></strong></span> <span class='ocrx_word' id='word_1_83' title='bbox 619 1547 679 1612; x_wconf 81' lang='grc' dir='ltr'><strong><em>τοῦ</em></strong></span> <span class='ocrx_word' id='word_1_84' title='bbox 687 1544 902 1630; x_wconf 76' lang='grc' dir='ltr'><strong><em>Μαξιμίυον·</em></strong></span> <span class='ocrx_word' id='word_1_85' title='bbox 916 1540 974 1622; x_wconf 82' lang='grc' dir='ltr'><strong><em>τάς</em></strong></span> <span class='ocrx_word' id='word_1_86' title='bbox 987 1542 1026 1612; x_wconf 71' lang='grc' dir='ltr'><strong><em>δέ</em></strong></span> <span class='ocrx_word' id='word_1_87' title='bbox 1039 1542 1147 1623; x_wconf 83' lang='grc' dir='ltr'><strong><em>πάλας</em></strong></span> <span class='ocrx_word' id='word_1_88' title='bbox 1160 1538 1257 1611; x_wconf 86' lang='grc' dir='ltr'><strong><em>ἀνοί·</em></strong></span> 
     </span>
     <span class='ocr_line' id='line_1_12' title="bbox 294 1640 1256 1735; baseline -0.002 -22"><span class='ocrx_word' id='word_1_89' title='bbox 294 1671 370 1732; x_wconf 91' lang='grc' dir='ltr'><strong><em>γειν</em></strong></span> <span class='ocrx_word' id='word_1_90' title='bbox 385 1640 522 1731; x_wconf 79' lang='grc' dir='ltr'><strong><em>ἠξίουν,</em></strong></span> <span class='ocrx_word' id='word_1_91' title='bbox 537 1646 700 1732; x_wconf 85' lang='grc' dir='ltr'><strong><em>δέχεσθαί</em></strong></span> <span class='ocrx_word' id='word_1_92' title='bbox 713 1672 749 1714; x_wconf 90' lang='grc' dir='ltr'><strong><em>τε</em></strong></span> <span class='ocrx_word' id='word_1_93' title='bbox 761 1651 883 1734; x_wconf 85' lang='grc' dir='ltr'><strong><em>φίλους</em></strong></span> <span class='ocrx_word' id='word_1_94' title='bbox 902 1641 983 1726; x_wconf 84' lang='grc' dir='ltr'><strong><em>τοδς</em></strong></span> <span class='ocrx_word' id='word_1_95' title='bbox 1002 1645 1083 1734; x_wconf 72' lang='grc' dir='ltr'><strong><em>χθὲς</em></strong></span> <span class='ocrx_word' id='word_1_96' title='bbox 1101 1643 1256 1735; x_wconf 79' lang='grc' dir='ltr'><strong><em>ἐχθρούς.</em></strong></span> 
     </span>
     <span class='ocr_line' id='line_1_13' title="bbox 294 1743 1258 1837; baseline 0 -20"><span class='ocrx_word' id='word_1_97' title='bbox 294 1752 330 1818; x_wconf 88' lang='grc' dir='ltr'><strong><em>οἰ</em></strong></span> <span class='ocrx_word' id='word_1_98' title='bbox 339 1746 379 1817; x_wconf 70' lang='grc' dir='ltr'><strong><em>δὲ</em></strong></span> <span class='ocrx_word' id='word_1_99' title='bbox 393 1755 462 1817; x_wconf 91' lang='grc' dir='ltr'><strong><em>τῶν</em></strong></span> <span class='ocrx_word' id='word_1_100' title='bbox 478 1743 688 1836; x_wconf 83' lang='grc' dir='ltr'><strong><em>Ἀκυλησίων</em></strong></span> <span class='ocrx_word' id='word_1_101' title='bbox 701 1749 881 1837; x_wconf 88' lang='grc' dir='ltr'><strong><em>στρατηγοί</em></strong></span> <span class='ocrx_word' id='word_1_102' title='bbox 892 1744 952 1828; x_wconf 78' lang='grc' dir='ltr'><strong><em>τὰς</em></strong></span> <span class='ocrx_word' id='word_1_103' title='bbox 965 1748 1027 1837; x_wconf 70' lang='grc' dir='ltr'><strong><em>μὲν</em></strong></span> <span class='ocrx_word' id='word_1_104' title='bbox 1040 1747 1149 1829; x_wconf 84' lang='grc' dir='ltr'><strong><em>πάλας</em></strong></span> <span class='ocrx_word' id='word_1_105' title='bbox 1161 1744 1258 1817; x_wconf 74' lang='grc' dir='ltr'><strong><em>ἀνοῖ-</em></strong></span> 
     </span>
     <span class='ocr_line' id='line_1_14' title="bbox 293 1846 1258 1941; baseline 0.001 -22"><span class='ocrx_word' id='word_1_106' title='bbox 293 1853 348 1934; x_wconf 80' lang='grc' dir='ltr'><strong><em>ξαι</em></strong></span> <span class='ocrx_word' id='word_1_107' title='bbox 361 1846 425 1919; x_wconf 79' lang='grc' dir='ltr'><strong><em>οὐκ</em></strong></span> <span class='ocrx_word' id='word_1_108' title='bbox 438 1852 640 1939; x_wconf 75' lang='grc' dir='ltr'><strong><em>ἐπέτρεψαν,</em></strong></span> <span class='ocrx_word' id='word_1_109' title='bbox 658 1852 844 1941; x_wconf 79' lang='grc' dir='ltr'><strong><em>προθέντες</em></strong></span> <span class='ocrx_word' id='word_1_110' title='bbox 858 1851 897 1921; x_wconf 73' lang='grc' dir='ltr'><strong><em>δὲ</em></strong></span> <span class='ocrx_word' id='word_1_111' title='bbox 917 1848 975 1933; x_wconf 82' lang='grc' dir='ltr'><strong><em>τάς</em></strong></span> <span class='ocrx_word' id='word_1_112' title='bbox 995 1850 1127 1933; x_wconf 81' lang='grc' dir='ltr'><strong><em>εἰκόνας</em></strong></span> <span class='ocrx_word' id='word_1_113' title='bbox 1143 1853 1258 1933; x_wconf 81' lang='grc' dir='ltr'><strong><em>Μαξί-</em></strong></span> 
     </span>
     <span class='ocr_line' id='line_1_15' title="bbox 294 1952 1258 2045; baseline 0 -22"><span class='ocrx_word' id='word_1_114' title='bbox 294 1982 361 2043; x_wconf 87' lang='grc' dir='ltr'><strong><em>μου</em></strong></span> <span class='ocrx_word' id='word_1_115' title='bbox 374 1956 433 2023; x_wconf 78' lang='grc' dir='ltr'><strong><em>καὶ</em></strong></span> <span class='ocrx_word' id='word_1_116' title='bbox 447 1960 621 2043; x_wconf 76' lang='grc' dir='ltr'><strong><em>Βαλβίνου</em></strong></span> <span class='ocrx_word' id='word_1_117' title='bbox 637 1959 830 2043; x_wconf 83' lang='grc' dir='ltr'><strong><em>Γορδιανοῶ</em></strong></span> <span class='ocrx_word' id='word_1_118' title='bbox 842 1981 880 2024; x_wconf 90' lang='grc' dir='ltr'><strong><em>τε</em></strong></span> <span class='ocrx_word' id='word_1_119' title='bbox 891 1961 1061 2045; x_wconf 85' lang='grc' dir='ltr'><strong><em>Καίσαρος</em></strong></span> <span class='ocrx_word' id='word_1_120' title='bbox 1079 1952 1258 2045; x_wconf 83' lang='grc' dir='ltr'><strong><em>στεφάνοις</em></strong></span> 
     </span>
     <span class='ocr_line' id='line_1_16' title="bbox 255 2054 1259 2148; baseline -0.002 -21"><span class='ocrx_word' id='word_1_121' title='bbox 255 2079 278 2119; x_wconf 73' lang='grc' dir='ltr'><strong><em>ιι</em></strong></span> <span class='ocrx_word' id='word_1_122' title='bbox 294 2058 353 2127; x_wconf 81' lang='grc' dir='ltr'><strong><em>καὶ</em></strong></span> <span class='ocrx_word' id='word_1_123' title='bbox 375 2057 521 2145; x_wconf 78' lang='grc' dir='ltr'><strong><em>δάφναις</em></strong></span> <span class='ocrx_word' id='word_1_124' title='bbox 541 2059 789 2147; x_wconf 82' lang='grc' dir='ltr'><strong><em>κεκοσμημένας</em></strong></span> <span class='ocrx_word' id='word_1_125' title='bbox 814 2054 916 2128; x_wconf 83' lang='grc' dir='ltr'><strong><em>αὐτοί</em></strong></span> <span class='ocrx_word' id='word_1_126' title='bbox 929 2086 966 2128; x_wconf 89' lang='grc' dir='ltr'><strong><em>τε</em></strong></span> <span class='ocrx_word' id='word_1_127' title='bbox 986 2054 1181 2148; x_wconf 80' lang='grc' dir='ltr'><strong><em>εὐφήμουν,</em></strong></span> <span class='ocrx_word' id='word_1_128' title='bbox 1200 2058 1259 2126; x_wconf 79' lang='grc' dir='ltr'><strong><em>καὶ</em></strong></span> 
     </span>
     <span class='ocr_line' id='line_1_17' title="bbox 293 2156 1257 2253; baseline 0.002 -24"><span class='ocrx_word' id='word_1_129' title='bbox 293 2158 374 2240; x_wconf 81' lang='grc' dir='ltr'><strong><em>τούς</em></strong></span> <span class='ocrx_word' id='word_1_130' title='bbox 388 2158 589 2249; x_wconf 76' lang='grc' dir='ltr'><strong><em>στρατιώτας</em></strong></span> <span class='ocrx_word' id='word_1_131' title='bbox 602 2156 719 2247; x_wconf 85' lang='grc' dir='ltr'><strong><em>η’ξίονν</em></strong></span> <span class='ocrx_word' id='word_1_132' title='bbox 731 2168 895 2253; x_wconf 84' lang='grc' dir='ltr'><strong><em>γνωρίσαι</em></strong></span> <span class='ocrx_word' id='word_1_133' title='bbox 911 2164 969 2232; x_wconf 83' lang='grc' dir='ltr'><strong><em>καί</em></strong></span> <span class='ocrx_word' id='word_1_134' title='bbox 982 2159 1134 2231; x_wconf 76' lang='grc' dir='ltr'><strong><em>ἀνειπεῖν</em></strong></span> <span class='ocrx_word' id='word_1_135' title='bbox 1147 2158 1257 2250; x_wconf 79' lang='grc' dir='ltr'><strong><em>εὐφη-</em></strong></span> 
     </span>
     <span class='ocr_line' id='line_1_18' title="bbox 294 2258 1257 2353; baseline 0 -21"><span class='ocrx_word' id='word_1_136' title='bbox 294 2268 402 2353; x_wconf 80' lang='grc' dir='ltr'><strong><em>μῆσαί</em></strong></span> <span class='ocrx_word' id='word_1_137' title='bbox 415 2290 452 2333; x_wconf 88' lang='grc' dir='ltr'><strong><em>τε</em></strong></span> <span class='ocrx_word' id='word_1_138' title='bbox 465 2260 544 2344; x_wconf 87' lang='grc' dir='ltr'><strong><em>τοδς</em></strong></span> <span class='ocrx_word' id='word_1_139' title='bbox 561 2258 629 2333; x_wconf 82' lang='grc' dir='ltr'><strong><em>ὑπὸ</em></strong></span> <span class='ocrx_word' id='word_1_140' title='bbox 646 2260 816 2353; x_wconf 87' lang='grc' dir='ltr'><strong><em>Ῥωμαίων</em></strong></span> <span class='ocrx_word' id='word_1_141' title='bbox 835 2265 893 2334; x_wconf 81' lang='grc' dir='ltr'><strong><em>καί</em></strong></span> <span class='ocrx_word' id='word_1_142' title='bbox 912 2264 1103 2353; x_wconf 77' lang='grc' dir='ltr'><strong><em>συγκλήτου</em></strong></span> <span class='ocrx_word' id='word_1_143' title='bbox 1118 2261 1257 2346; x_wconf 87' lang='grc' dir='ltr'><strong><em>ἀναδει-</em></strong></span> 
     </span>
     <span class='ocr_line' id='line_1_19' title="bbox 294 2362 1288 2459; baseline -0.002 -22"><span class='ocrx_word' id='word_1_144' title='bbox 294 2367 438 2456; x_wconf 81' lang='grc' dir='ltr'><strong><em>χθέντος</em></strong></span> <span class='ocrx_word' id='word_1_145' title='bbox 452 2362 711 2456; x_wconf 79' lang='grc' dir='ltr'><strong><em>αὐτοκράτορας.</em></strong></span> <span class='ocrx_word' id='word_1_146' title='bbox 762 2365 972 2459; x_wconf 87' lang='grc' dir='ltr'><strong><em>Γορδιανοδς</em></strong></span> <span class='ocrx_word' id='word_1_147' title='bbox 985 2368 1023 2439; x_wconf 74' lang='grc' dir='ltr'><strong><em>δὲ</em></strong></span> <span class='ocrx_word' id='word_1_148' title='bbox 1036 2374 1153 2456; x_wconf 77' lang='grc' dir='ltr'><strong><em>ἔλεγον</em></strong></span> <span class='ocrx_word' id='word_1_149' title='bbox 1166 2370 1255 2436; x_wconf 81' lang='grc' dir='ltr'><strong><em>ἐκεί·</em></strong></span> <span class='ocrx_word' id='word_1_150' title='bbox 1270 2375 1288 2429; x_wconf 75' lang='lat'>3</span> 
     </span>
     <span class='ocr_line' id='line_1_20' title="bbox 294 2464 1259 2560; baseline -0.004 -19"><span class='ocrx_word' id='word_1_151' title='bbox 294 2497 378 2549; x_wconf 88' lang='grc' dir='ltr'><strong><em>νονς</em></strong></span> <span class='ocrx_word' id='word_1_152' title='bbox 393 2471 427 2549; x_wconf 81' lang='grc' dir='ltr'><strong><em>ές</em></strong></span> <span class='ocrx_word' id='word_1_153' title='bbox 441 2464 589 2559; x_wconf 83' lang='grc' dir='ltr'><strong><em>οόρανδν</em></strong></span> <span class='ocrx_word' id='word_1_154' title='bbox 602 2471 660 2540; x_wconf 89' lang='grc' dir='ltr'><strong><em>καί</em></strong></span> <span class='ocrx_word' id='word_1_155' title='bbox 672 2467 758 2540; x_wconf 87' lang='grc' dir='ltr'><strong><em>θεὸν</em></strong></span> <span class='ocrx_word' id='word_1_156' title='bbox 772 2466 1073 2560; x_wconf 88' lang='grc' dir='ltr'><strong><em>ἀνακεχωρηκέναι.</em></strong></span> <span class='ocrx_word' id='word_1_157' title='bbox 1105 2467 1259 2557; x_wconf 79' lang='grc' dir='ltr'><strong><em>προύθε-</em></strong></span> 
     </span>
     <span class='ocr_line' id='line_1_21' title="bbox 254 2567 1260 2662; baseline 0.002 -24"><span class='ocrx_word' id='word_1_158' title='bbox 254 2596 280 2638; x_wconf 80' lang='grc' dir='ltr'><strong><em>ιο</em></strong></span> <span class='ocrx_word' id='word_1_159' title='bbox 296 2571 363 2645; x_wconf 87' lang='grc' dir='ltr'><strong><em>σάν</em></strong></span> <span class='ocrx_word' id='word_1_160' title='bbox 378 2598 416 2642; x_wconf 89' lang='grc' dir='ltr'><strong><em>τε</em></strong></span> <span class='ocrx_word' id='word_1_161' title='bbox 434 2567 521 2662; x_wconf 78' lang='grc' dir='ltr'><strong><em>ὑπὲρ</em></strong></span> <span class='ocrx_word' id='word_1_162' title='bbox 542 2578 612 2642; x_wconf 89' lang='grc' dir='ltr'><strong><em>τῶν</em></strong></span> <span class='ocrx_word' id='word_1_163' title='bbox 630 2579 750 2661; x_wconf 87' lang='grc' dir='ltr'><strong><em>τειχῶν</em></strong></span> <span class='ocrx_word' id='word_1_164' title='bbox 769 2568 914 2661; x_wconf 90' lang='grc' dir='ltr'><strong><em>ἀγοράν,</em></strong></span> <span class='ocrx_word' id='word_1_165' title='bbox 936 2570 1040 2642; x_wconf 83' lang='grc' dir='ltr'><strong><em>ῶυιον</em></strong></span> <span class='ocrx_word' id='word_1_166' title='bbox 1059 2573 1260 2661; x_wconf 85' lang='grc' dir='ltr'><strong><em>παρέχοντες</em></strong></span> 
     </span>
     <span class='ocr_line' id='line_1_22' title="bbox 296 2674 1261 2765; baseline -0.005 -19"><span class='ocrx_word' id='word_1_167' title='bbox 296 2674 448 2761; x_wconf 75' lang='grc' dir='ltr'><strong><em>[πάντων</em></strong></span> <span class='ocrx_word' id='word_1_168' title='bbox 461 2682 530 2746; x_wconf 88' lang='grc' dir='ltr'><strong><em>τῶν</em></strong></span> <span class='ocrx_word' id='word_1_169' title='bbox 544 2679 754 2763; x_wconf 80' lang='grc' dir='ltr'><strong><em>ἐπιτηδείων]</em></strong></span> <span class='ocrx_word' id='word_1_170' title='bbox 767 2682 906 2765; x_wconf 85' lang='grc' dir='ltr'><strong><em>τροφῶν</em></strong></span> <span class='ocrx_word' id='word_1_171' title='bbox 919 2701 956 2745; x_wconf 85' lang='grc' dir='ltr'><strong><em>τε</em></strong></span> <span class='ocrx_word' id='word_1_172' title='bbox 968 2679 1194 2745; x_wconf 77' lang='grc' dir='ltr'><strong><em>παντοδαπῶν</em></strong></span> <span class='ocrx_word' id='word_1_173' title='bbox 1201 2674 1261 2743; x_wconf 76' lang='grc' dir='ltr'><strong><em>καὶ</em></strong></span> 
     </span>
     <span class='ocr_line' id='line_1_23' title="bbox 295 2774 1260 2868; baseline -0.004 -18"><span class='ocrx_word' id='word_1_174' title='bbox 295 2785 412 2850; x_wconf 75' lang='grc' dir='ltr'><strong><em>ποτῶν</em></strong></span> <span class='ocrx_word' id='word_1_175' title='bbox 431 2774 623 2868; x_wconf 84' lang='grc' dir='ltr'><strong><em>ἀφθονίαν,</em></strong></span> <span class='ocrx_word' id='word_1_176' title='bbox 648 2776 791 2867; x_wconf 74' lang='grc' dir='ltr'><strong><em>ἐσθῆτός</em></strong></span> <span class='ocrx_word' id='word_1_177' title='bbox 808 2804 846 2847; x_wconf 90' lang='grc' dir='ltr'><strong><em>τε</em></strong></span> <span class='ocrx_word' id='word_1_178' title='bbox 864 2780 922 2848; x_wconf 85' lang='grc' dir='ltr'><strong><em>καί</em></strong></span> <span class='ocrx_word' id='word_1_179' title='bbox 940 2774 1183 2867; x_wconf 85' lang='grc' dir='ltr'><strong><em>ὑποδημάτων,</em></strong></span> <span class='ocrx_word' id='word_1_180' title='bbox 1202 2778 1260 2846; x_wconf 86' lang='grc' dir='ltr'><strong><em>καί</em></strong></span> 
     </span>
     <span class='ocr_line' id='line_1_24' title="bbox 295 2876 1259 2973; baseline -0.002 -20"><span class='ocrx_word' id='word_1_181' title='bbox 295 2878 359 2953; x_wconf 84' lang='grc' dir='ltr'><strong><em>ὅσα</em></strong></span> <span class='ocrx_word' id='word_1_182' title='bbox 374 2880 518 2952; x_wconf 74' lang='grc' dir='ltr'><strong><em>ἐδύνατο</em></strong></span> <span class='ocrx_word' id='word_1_183' title='bbox 531 2883 689 2971; x_wconf 88' lang='grc' dir='ltr'><strong><em>παρέχειν</em></strong></span> <span class='ocrx_word' id='word_1_184' title='bbox 703 2884 736 2963; x_wconf 83' lang='grc' dir='ltr'><strong><em>ές</em></strong></span> <span class='ocrx_word' id='word_1_185' title='bbox 747 2887 868 2972; x_wconf 76' lang='grc' dir='ltr'><strong><em>χρῆσιν</em></strong></span> <span class='ocrx_word' id='word_1_186' title='bbox 881 2877 1078 2973; x_wconf 71' lang='grc' dir='ltr'><strong><em>ἀνθρώποις</em></strong></span> <span class='ocrx_word' id='word_1_187' title='bbox 1090 2880 1186 2962; x_wconf 80' lang='grc' dir='ltr'><strong><em>πόλις</em></strong></span> <span class='ocrx_word' id='word_1_188' title='bbox 1199 2876 1259 2951; x_wconf 83' lang='grc' dir='ltr'><strong><em>εά-</em></strong></span> 
     </span>
     <span class='ocr_line' id='line_1_25' title="bbox 296 2980 1291 3074; baseline -0.002 -18"><span class='ocrx_word' id='word_1_189' title='bbox 296 2990 506 3074; x_wconf 83' lang='grc' dir='ltr'><strong><em>δαιμονοῦσα</em></strong></span> <span class='ocrx_word' id='word_1_190' title='bbox 526 2987 584 3056; x_wconf 85' lang='grc' dir='ltr'><strong><em>καί</em></strong></span> <span class='ocrx_word' id='word_1_191' title='bbox 609 2981 810 3073; x_wconf 77' lang='grc' dir='ltr'><strong><em>ἀκμάζουσα.</em></strong></span> <span class='ocrx_word' id='word_1_192' title='bbox 862 2980 947 3057; x_wconf 82' lang='grc' dir='ltr'><strong><em>ὅθεν</em></strong></span> <span class='ocrx_word' id='word_1_193' title='bbox 965 2986 1023 3056; x_wconf 88' lang='grc' dir='ltr'><strong><em>καί</em></strong></span> <span class='ocrx_word' id='word_1_194' title='bbox 1042 2992 1170 3074; x_wconf 81' lang='grc' dir='ltr'><strong><em>μᾶλλον</em></strong></span> <span class='ocrx_word' id='word_1_195' title='bbox 1188 2987 1291 3068; x_wconf 56' lang='lat' dir='ltr'><strong>{Es-4</strong></span> 
     </span>
     <span class='ocr_line' id='line_1_26' title="bbox 255 3083 1259 3179; baseline -0.005 -17"><span class='ocrx_word' id='word_1_196' title='bbox 255 3120 283 3162; x_wconf 76' lang='grc' dir='ltr'><strong><em>οε</em></strong></span> <span class='ocrx_word' id='word_1_197' title='bbox 298 3089 410 3177; x_wconf 76' lang='grc' dir='ltr'><strong><em>τλάγη</em></strong></span> <span class='ocrx_word' id='word_1_198' title='bbox 424 3083 443 3157; x_wconf 84' lang='grc' dir='ltr'>ὁ</span> <span class='ocrx_word' id='word_1_199' title='bbox 457 3087 614 3178; x_wconf 87' lang='grc' dir='ltr'><strong><em>στρατός,</em></strong></span> <span class='ocrx_word' id='word_1_200' title='bbox 628 3090 743 3171; x_wconf 84' lang='grc' dir='ltr'><strong><em>συνεὶς</em></strong></span> <span class='ocrx_word' id='word_1_201' title='bbox 756 3085 810 3159; x_wconf 81' lang='grc' dir='ltr'><strong><em>ὅτι</em></strong></span> <span class='ocrx_word' id='word_1_202' title='bbox 823 3103 892 3171; x_wconf 82' lang='grc' dir='ltr'><strong><em>τοϊς</em></strong></span> <span class='ocrx_word' id='word_1_203' title='bbox 908 3088 971 3178; x_wconf 71' lang='grc' dir='ltr'><strong><em>μὲν</em></strong></span> <span class='ocrx_word' id='word_1_204' title='bbox 988 3088 1096 3159; x_wconf 90' lang='grc' dir='ltr'><strong><em>πάντα</em></strong></span> <span class='ocrx_word' id='word_1_205' title='bbox 1108 3084 1259 3179; x_wconf 78' lang='grc' dir='ltr'><strong><em>αὐτάρκη</em></strong></span> 
     </span>
     <span class='ocr_line' id='line_1_27' title="bbox 297 3182 1260 3282; baseline -0.002 -20"><span class='ocrx_word' id='word_1_206' title='bbox 297 3182 357 3281; x_wconf 82' lang='grc' dir='ltr'><strong><em>ἦν,</em></strong></span> <span class='ocrx_word' id='word_1_207' title='bbox 372 3196 405 3261; x_wconf 92' lang='grc' dir='ltr'><strong><em>εἰ</em></strong></span> <span class='ocrx_word' id='word_1_208' title='bbox 416 3192 474 3261; x_wconf 84' lang='grc' dir='ltr'><strong><em>καί</em></strong></span> <span class='ocrx_word' id='word_1_209' title='bbox 487 3193 543 3262; x_wconf 85' lang='grc' dir='ltr'><strong><em>έπί</em></strong></span> <span class='ocrx_word' id='word_1_210' title='bbox 555 3193 658 3262; x_wconf 90' lang='grc' dir='ltr'><strong><em>πλέον</em></strong></span> <span class='ocrx_word' id='word_1_211' title='bbox 671 3200 923 3282; x_wconf 74' lang='grc' dir='ltr'><strong><em>πολιορκοῖντο,</em></strong></span> <span class='ocrx_word' id='word_1_212' title='bbox 938 3189 1034 3262; x_wconf 80' lang='grc' dir='ltr'><strong><em>αὐτοὶ</em></strong></span> <span class='ocrx_word' id='word_1_213' title='bbox 1057 3191 1095 3261; x_wconf 72' lang='grc' dir='ltr'><strong><em>δὲ</em></strong></span> <span class='ocrx_word' id='word_1_214' title='bbox 1114 3193 1152 3261; x_wconf 88' lang='grc' dir='ltr'><strong><em>έν</em></strong></span> <span class='ocrx_word' id='word_1_215' title='bbox 1171 3190 1260 3261; x_wconf 81' lang='grc' dir='ltr'><strong><em>σπά-</em></strong></span> 
     </span>
     <span class='ocr_line' id='line_1_28' title="bbox 297 3290 1260 3385; baseline -0.001 -20"><span class='ocrx_word' id='word_1_216' title='bbox 297 3323 351 3366; x_wconf 87' lang='grc' dir='ltr'><strong><em>νει</em></strong></span> <span class='ocrx_word' id='word_1_217' title='bbox 364 3293 503 3365; x_wconf 87' lang='grc' dir='ltr'><strong><em>πάντων</em></strong></span> <span class='ocrx_word' id='word_1_218' title='bbox 515 3301 584 3364; x_wconf 90' lang='grc' dir='ltr'><strong><em>τῶν</em></strong></span> <span class='ocrx_word' id='word_1_219' title='bbox 602 3298 801 3382; x_wconf 81' lang='grc' dir='ltr'><strong><em>ἐπιτηδείων</em></strong></span> <span class='ocrx_word' id='word_1_220' title='bbox 823 3302 950 3365; x_wconf 81' lang='grc' dir='ltr'><strong><em>θάττον</em></strong></span> <span class='ocrx_word' id='word_1_221' title='bbox 968 3290 1054 3385; x_wconf 82' lang='grc' dir='ltr'><strong><em>&lt;ῶν&gt;</em></strong></span> <span class='ocrx_word' id='word_1_222' title='bbox 1069 3293 1260 3383; x_wconf 79' lang='grc' dir='ltr'><strong><em>διεφθάρη·</em></strong></span> 
     </span>
     <span class='ocr_line' id='line_1_29' title="bbox 297 3391 1259 3488; baseline -0.003 -19"><span class='ocrx_word' id='word_1_223' title='bbox 297 3420 364 3469; x_wconf 89' lang='grc' dir='ltr'><strong><em>σαν</em></strong></span> <span class='ocrx_word' id='word_1_224' title='bbox 378 3391 402 3485; x_wconf 80' lang='grc' dir='ltr'><strong><em>ἦ</em></strong></span> <span class='ocrx_word' id='word_1_225' title='bbox 414 3393 506 3468; x_wconf 84' lang='grc' dir='ltr'><strong><em>εἷλον</em></strong></span> <span class='ocrx_word' id='word_1_226' title='bbox 519 3396 628 3467; x_wconf 90' lang='grc' dir='ltr'><strong><em>πάντα</em></strong></span> <span class='ocrx_word' id='word_1_227' title='bbox 641 3404 786 3486; x_wconf 78' lang='grc' dir='ltr'><strong><em>ἔχουσαν</em></strong></span> <span class='ocrx_word' id='word_1_228' title='bbox 800 3398 910 3469; x_wconf 88' lang='grc' dir='ltr'><strong><em>πόλιν.</em></strong></span> <span class='ocrx_word' id='word_1_229' title='bbox 927 3395 945 3468; x_wconf 87' lang='grc' dir='ltr'><strong><em>ὁ</em></strong></span> <span class='ocrx_word' id='word_1_230' title='bbox 959 3399 997 3468; x_wconf 74' lang='grc' dir='ltr'><strong><em>δὲ</em></strong></span> <span class='ocrx_word' id='word_1_231' title='bbox 1010 3396 1150 3488; x_wconf 83' lang='grc' dir='ltr'><strong><em>στρατὸς</em></strong></span> <span class='ocrx_word' id='word_1_232' title='bbox 1162 3404 1259 3486; x_wconf 78' lang='grc' dir='ltr'><strong><em>ἔμενε</em></strong></span> 
     </span>
     <span class='ocr_line' id='line_1_30' title="bbox 298 3497 1259 3592; baseline -0.005 -20"><span class='ocrx_word' id='word_1_233' title='bbox 298 3498 392 3592; x_wconf 79' lang='grc' dir='ltr'><strong><em>παρὰ</em></strong></span> <span class='ocrx_word' id='word_1_234' title='bbox 405 3516 474 3583; x_wconf 84' lang='grc' dir='ltr'><strong><em>τοῖς</em></strong></span> <span class='ocrx_word' id='word_1_235' title='bbox 486 3507 646 3588; x_wconf 84' lang='grc' dir='ltr'><strong><em>τείχεσιν,</em></strong></span> <span class='ocrx_word' id='word_1_236' title='bbox 662 3506 748 3589; x_wconf 82' lang='grc' dir='ltr'><strong><em>έχων</em></strong></span> <span class='ocrx_word' id='word_1_237' title='bbox 760 3499 802 3571; x_wconf 87' lang='grc' dir='ltr'><strong><em>τά</em></strong></span> <span class='ocrx_word' id='word_1_238' title='bbox 820 3499 981 3592; x_wconf 87' lang='grc' dir='ltr'><strong><em>χρειῶδη,</em></strong></span> <span class='ocrx_word' id='word_1_239' title='bbox 1002 3497 1087 3591; x_wconf 82' lang='grc' dir='ltr'><strong><em>ἅπερ</em></strong></span> <span class='ocrx_word' id='word_1_240' title='bbox 1105 3497 1169 3570; x_wconf 84' lang='grc' dir='ltr'><strong><em>ἀπὸ</em></strong></span> <span class='ocrx_word' id='word_1_241' title='bbox 1190 3506 1259 3569; x_wconf 84' lang='grc' dir='ltr'><strong><em>τῶν</em></strong></span> 
     </span>
     <span class='ocr_line' id='line_1_31' title="bbox 261 3599 1263 3694; baseline -0.006 -22"><span class='ocrx_word' id='word_1_242' title='bbox 261 3630 286 3672; x_wconf 72' lang='grc' dir='ltr'><strong><em>το</em></strong></span> <span class='ocrx_word' id='word_1_243' title='bbox 300 3610 423 3694; x_wconf 87' lang='grc' dir='ltr'><strong><em>τειχῶν</em></strong></span> <span class='ocrx_word' id='word_1_244' title='bbox 435 3604 642 3694; x_wconf 78' lang='grc' dir='ltr'><strong><em>ἐλάμβανον,</em></strong></span> <span class='ocrx_word' id='word_1_245' title='bbox 657 3599 720 3674; x_wconf 80' lang='grc' dir='ltr'><strong><em>ὅσα</em></strong></span> <span class='ocrx_word' id='word_1_246' title='bbox 733 3606 869 3685; x_wconf 82' lang='grc' dir='ltr'><strong><em>ἕκαστος</em></strong></span> <span class='ocrx_word' id='word_1_247' title='bbox 881 3604 1055 3692; x_wconf 79' lang='grc' dir='ltr'><strong><em>ἐβούλετο·</em></strong></span> <span class='ocrx_word' id='word_1_248' title='bbox 1069 3600 1263 3687; x_wconf 78' lang='grc' dir='ltr'><strong><em>διελέγουτό</em></strong></span> 
     </span>
     <span class='ocr_line' id='line_1_32' title="bbox 300 3697 1300 3804; baseline -0.003 -26"><span class='ocrx_word' id='word_1_249' title='bbox 300 3736 337 3779; x_wconf 86' lang='grc' dir='ltr'><strong><em>τε</em></strong></span> <span class='ocrx_word' id='word_1_250' title='bbox 351 3704 515 3796; x_wconf 73' lang='grc' dir='ltr'><strong><em>ἀλληλοις.</em></strong></span> <span class='ocrx_word' id='word_1_251' title='bbox 538 3708 598 3781; x_wconf 88' lang='grc' dir='ltr'><strong><em>καί</em></strong></span> <span class='ocrx_word' id='word_1_252' title='bbox 610 3697 657 3799; x_wconf 78' lang='grc' dir='ltr'><strong><em>ἦν</em></strong></span> <span class='ocrx_word' id='word_1_253' title='bbox 669 3706 810 3803; x_wconf 77' lang='grc' dir='ltr'><strong><em>εἰρήνης</em></strong></span> <span class='ocrx_word' id='word_1_254' title='bbox 825 3707 888 3804; x_wconf 63' lang='grc' dir='ltr'><strong><em>μέν</em></strong></span> <span class='ocrx_word' id='word_1_255' title='bbox 901 3711 965 3783; x_wconf 67' lang='grc' dir='ltr'><strong><em>καὶ</em></strong></span> <span class='ocrx_word' id='word_1_256' title='bbox 978 3714 1106 3803; x_wconf 78' lang='grc' dir='ltr'><strong><em>φιλίας</em></strong></span> <span class='ocrx_word' id='word_1_257' title='bbox 1116 3701 1300 3775; x_wconf 51' lang='lat' dir='ltr'><strong><em>mazza</em></strong></span> 
     </span>
    </p>
   </div>
   <div class='ocr_carea' id='block_1_3' title="bbox 0 0 1575 4367">
    <p class='ocr_par' dir='ltr' id='par_1_3' title="bbox 0 0 1575 4367">
     <span class='ocr_line' id='line_1_33' title="bbox 0 0 1575 4367; baseline 0 0"><span class='ocrx_word' id='word_1_258' title='bbox 0 0 1575 4367; x_wconf 95' lang='lat' dir='ltr'><strong><em> </em></strong></span> 
     </span>
    </p>
   </div>
  </div>
 </body>
</html>
