3134 4367
704 353 855 449 ννινον
1215 387 1254 450 87

295 556 350 641 τός
363 561 532 647 διέτριβεν
546 555 684 647 εἰρήνην
698 554 807 646 άγων,
829 560 935 647 μηδέν
954 587 985 627 τι
999 560 1182 651 προσήκειν
1195 589 1255 630 νο-

294 669 399 751 μίζων
413 665 520 753 ἑαυτῷ
534 659 591 741 τάς
600 660 768 750 πρδςτούς
783 653 961 751 Ἀτρηνούς
975 664 1125 753 Σεοήρου
1139 665 1251 754 μάχας·

296 763 461 854 ἡσύχαζεν
474 755 553 851 ούν,
567 767 672 853 μηδέν
693 792 724 833 τι
737 763 853 835 δεινὸν
866 766 1135 856 προσδεχόμενος.
1177 764 1194 837 ὁ
1218 768 1255 838 δέ
1273 785 1306 837 10

296 876 356 939 τοῦ
371 867 530 956 Σεειήρον
548 865 686 954 στρατός
700 864 793 938 άκων
806 871 1009 957 προσαχθεὶς
1022 866 1087 938 ύπὸ
1101 877 1162 940 τοῦ
1176 870 1256 959 ῥεύ-

270 1000 398 1061 ςματος
412 987 484 1051 ταῖς
505 973 657 1040 ἐπέκεινα
677 968 812 1058 όχθαις,
834 969 1001 1060 άπόβασίν
1021 999 1056 1041 τε
1077 972 1257 1063 ποιησάμε-

297 1104 370 1163 νος,
386 1072 451 1165 τήν
464 1080 529 1163 γῆν
548 1072 731 1162 ἐλεηλάτει,
752 1075 927 1163 θρέμματα
945 1102 981 1145 τε
995 1073 1035 1145 τά
1056 1078 1257 1165 ἐμπίπτοντα

298 1177 517 1263 ἀπελαύνων,
531 1172 577 1245 ἵν’
597 1184 654 1267 έχη
668 1176 811 1266 τροφάς,
831 1180 887 1247 καὶ
900 1177 1012 1267 κώμας
1026 1170 1188 1268 ἐμπιπράς
1201 1177 1258 1262 τὰς

298 1279 533 1370 ἐμπιπτούσας.
573 1276 646 1349 κατ’
663 1276 778 1368 ὀλίγον
793 1308 828 1350 τε
842 1280 969 1370 προϊών
981 1284 1100 1372 ἐπέστη
1114 1290 1261 1371 Κτησι-ι.
1274 1310 1309 1343 200

299 1392 424 1475 φώντι,
441 1380 516 1454 ἐνθ’
532 1372 576 1471 ἦν
591 1379 609 1453 ὁ
622 1385 724 1471 μέγας
737 1377 894 1473 βασιλεύς
909 1381 1116 1475 Ἀρτάβανος.
1152 1407 1257 1474 προσ·
1273 1404 1303 1453 11

263 1522 285 1562 ιο
301 1488 459 1568 πεσόντες
486 1486 524 1556 δέ
550 1491 586 1555 oc
605 1482 756 1575 Ῥωμαῖοι
778 1481 1021 1576 άπαρασκεύοις
1039 1505 1108 1571 τοῖς
1128 1488 1257 1578 βαρβά-

299 1619 386 1681 ροις,
407 1589 516 1675 πάντα
535 1616 571 1659 τε
597 1588 656 1658 τὸν
677 1593 880 1678 ἐμπίπτοντα
899 1590 1065 1679 ἐφόνευον
1084 1594 1141 1662 καὶ
1162 1593 1258 1683 διήρ-

299 1716 410 1765 πασαν
423 1690 464 1763 τά
478 1696 515 1763 ἐν
529 1699 568 1783 νή
582 1688 688 1779 πόλει,
703 1692 828 1773 πάντας
841 1721 876 1762 τε
891 1700 1011 1775 παῖδας
1025 1696 1081 1764 καί
1095 1711 1257 1782 γυναῖκας

299 1796 527 1886 αἰχμαλώτους
541 1803 672 1884 ἐλαβον.
701 1795 869 1883 φυγόντος
883 1795 920 1865 δὲ
933 1804 993 1866 τοῦ
1015 1800 1176 1885 βασιλέως
1193 1794 1258 1867 σύν

300 1897 426 1989 ὀλίγοις
441 1905 577 1969 ἱππεῦσι
590 1899 669 1979 τούς
689 1925 725 1967 τε
745 1897 941 1992 θησαυρούς
961 1897 1067 1970 αύτού
1088 1908 1156 1970 τών
1174 1929 1254 1992 χρη,

263 2028 285 2068 ιε
300 2004 415 2093 μάτων
435 2012 583 2090 αἴρουσι,
605 2004 661 2070 καὶ
682 2000 790 2071 πάντα
810 2000 869 2072 τὸν
888 2001 1014 2093 κόσμον
1031 2006 1087 2074 καί
1105 2004 1258 2094 κειμήλια

300 2104 508 2198 ἁρπάσαντες
521 2108 705 2175 ἐπανίασιν.

404 2206 493 2278 ούτω
506 2210 569 2298 μέν
588 2206 630 2297 δή
651 2213 819 2298 Σευῆρος,
840 2207 922 2300 τύχη
940 2214 1068 2298 μᾶλλον
1087 2204 1109 2297 ή
1129 2209 1255 2300 γνώμη,
1271 2227 1305 2279 11

301 2320 340 2403 τῇ
353 2310 438 2383 κατά
450 2318 662 2401 Παρθυαίων
671 2317 748 2402 νίκη
761 2309 957 2401 κεκόσμητο·
973 2312 1102 2381 τούτων
1116 2313 1153 2382 δὲ
1167 2309 1258 2405 αὐτῷ

302 2420 418 2500 δεξιῶς
437 2418 494 2484 καὶ
512 2411 598 2504 ὑπὲρ
618 2421 729 2484 πᾶσαν
751 2410 854 2503 εύχήν
875 2415 1162 2508 προχωρησάντων
1182 2417 1259 2485 ἐπέ-

264 2549 288 2589 ω
303 2527 410 2590 στειλε
425 2525 465 2608 τῇ
479 2546 514 2587 τε
527 2516 704 2609 συγκλήτῳ
724 2518 781 2587 καὶ
796 2523 842 2609 τῷ
862 2518 974 2611 δήμω,
995 2518 1051 2598 τάς
1072 2546 1107 2587 τε
1125 2517 1260 2608 πράξεις

301 2627 559 2712 μεγαληγορῶν,
573 2619 630 2702 τάς
643 2619 748 2709 μάχας
760 2647 796 2689 τε
816 2620 873 2688 καί
892 2619 949 2701 τάς
968 2627 1062 2700 νίκας
1087 2625 1260 2708 δημοσίαις

300 2723 450 2814 ιἰνέθηκε
470 2737 625 2813 γραφαῖς.
667 2717 687 2812 ή
711 2723 748 2792 δὲ
774 2721 959 2812 σύγκλητος
985 2721 1092 2803 πάσας
1110 2749 1146 2792 τε
1166 2720 1260 2810 τιμάς

301 2833 488 2918 ἐψηφίσατο
497 2824 600 2920 αύτῷ,
609 2826 666 2895 καὶ
679 2831 901 2916 προσηγορίας
914 2822 978 2895 άπὸ
989 2831 1058 2895 τών
1071 2829 1184 2896 ἐθνών
1193 2832 1260 2895 τών

303 2931 564 3022 κεχειρωμένων.

264 3072 289 3115 2⁶
407 3032 677 3123 κατορθώσαςδέ
690 3030 822 3102 τάκατά
833 3028 894 3122 τήν
904 3026 1070 3120 άνατολήν
1083 3026 1101 3100 ὁ
1116 3038 1261 3120 Σευῆρος
1274 3046 1311 3107 10

304 3142 337 3220 ἐς
355 3136 418 3227 τήν
438 3134 564 3226 Ῥώμην
588 3133 760 3226 ἠπείγετο,
776 3131 868 3224 άγων
890 3135 946 3203 καὶ
971 3134 1050 3216 τούς
1071 3141 1191 3216 παῖδας
1211 3138 1313 3216 ἐςωοι

303 3238 439 3331 ἡλικίαν
453 3239 590 3330 ἐφήβων
609 3235 673 3330 ήδη
687 3246 875 3319 τελοῦντας.
903 3234 1028 3319 άνύσας
1043 3238 1080 3307 δέ
1094 3236 1156 3327 τήν
1169 3234 1262 3307 ὁδοι-

303 3352 446 3434 πορίαν,
473 3343 513 3413 τά
539 3370 574 3412 τε
601 3348 725 3424 ἐντοῖς
746 3350 863 3413 ἔθνεσι
885 3340 1054 3429 διοικήσας
1074 3337 1118 3423 ώς
1136 3341 1263 3433 ἑκάστῳ

303 3444 424 3539 άπήτει
434 3444 471 3515 τὸ
484 3452 652 3537 χρειῶδες,
662 3445 703 3515 τά
715 3472 749 3514 τε
764 3448 801 3515 ἐν
810 3454 945 3524 Μυσοίς
959 3446 1015 3512 καί
1028 3451 1149 3515 Παίοσι
1162 3467 1264 3535 στρα-

265 3577 290 3621 ω
306 3551 432 3621 τόπεδα
446 3548 611 3637 ἐπελθών,
620 3548 802 3638 νικηφόρος
816 3545 882 3618 ὑπὸ
900 3554 960 3616 τοῦ
974 3544 1141 3635 Ῥωμαίων
1155 3546 1263 3634 δήμου
1307 3561 1312 3572 ’

304 3651 388 3743 μετά
406 3653 551 3741 μεγάλης
572 3650 737 3741 εὐφημίας
756 3678 792 3722 τε
812 3653 868 3722 καί
881 3657 1063 3741 θρησκείας
1082 3647 1263 3735 ὑπεδέχθη,

301 3764 430 3837 θυσίας
442 3759 548 3838 τεκαὶ
561 3753 676 3847 ἑορτάς
688 3756 770 3835 θέας
783 3755 885 3825 τεκαὶ
895 3752 1098 3843 πανηγύρεις
1112 3757 1156 3842 τῷ
1171 3749 1264 3841 δήμῳ
1278 3772 1300 3821 ‘z
