3134 4367
333 434 391 496 124
703 433 921 496 TETAPTON

330 604 411 677 ὅσον
433 605 495 695 μὲν
516 607 714 693 ἐποχοῦνται
741 610 854 686 ἵπποις
878 600 900 694 ῆ
922 605 1096 693 καμήλοις,
1123 609 1283 691 γενναίως

329 710 499 799 μάχονται,
512 704 556 798 ῆν
569 709 606 778 δέ
621 705 793 798 ἀποβῶσιν
809 707 921 779 αὐτῶν
935 704 956 797 ῆ
971 715 1207 796 κατενεχθῶσι,
1225 712 1284 798 ῥᾷ-

328 834 390 883 στα
404 808 611 900 ἁλίσκονται,
631 811 676 901 μῆ
697 814 856 901 φέροντες
874 810 936 900 τῆν
956 816 992 882 ἐκ
1012 811 1203 891 συστάσεως
1223 811 1282 900 μά-

328 944 400 1005 χην.
430 913 512 1005 πρός
532 943 568 985 τε
587 912 624 986 τό
647 930 770 1005 φυγεῖν
791 911 813 1003 ῆ
831 922 963 1001 διῶξαι,
986 921 1017 984 εί
1037 917 1118 1002 δέοι,
1141 911 1285 1001 ὑπὸτῆς

329 1020 406 1107 περὶ
416 1035 484 1101 τοῖς
493 1021 647 1089 σκέλεσιν
660 1023 800 1108 ἐσθῆτος
809 1019 940 1107 χαύνως
950 1020 1215 1109 παρηωρημίνης
1226 1021 1283 1107 ἐμ·
1299 1038 1311 1079 5

331 1127 530 1207 ποδίζονται.

298 1252 317 1305 4
431 1223 562 1315 πρῶτης
575 1224 637 1313 μέν
649 1215 713 1295 οὖν
732 1225 790 1294 καλ
811 1227 968 1315 δευτέρας
988 1219 1112 1311 ῆμέρας
1131 1225 1163 1305 ἐξ
1184 1223 1287 1291 ἑωθι-

327 1334 391 1399 νοῦ
407 1331 440 1409 ἐς
455 1330 599 1416 ἑσπέραν
613 1331 828 1417 ἐμαχέσαντο,
851 1330 908 1397 καὶ
926 1324 988 1408 νόξ
1009 1330 1200 1396 ἐπελθοῦσα
1219 1328 1288 1396 διέ-

329 1440 413 1502 λυσε
433 1429 492 1512 τάς
509 1432 630 1519 μάχας,
655 1432 810 1515 ἕκάτεροί
825 1458 860 1500 τε
880 1435 1073 1518 ἐπανῆλθον
1093 1432 1126 1510 ἐς
1146 1429 1187 1498 τά
1209 1431 1288 1500 ἑαυ-

328 1541 397 1603 τῶν
410 1533 616 1623 στρατόπεδα
629 1542 728 1605 νικῶν
741 1532 921 1616 ἀξιοῦντες.
954 1542 993 1624 τῆ
1016 1534 1054 1603 δὲ
1070 1541 1165 1623 τρίτη
1180 1528 1286 1625 ῆμίρηι
1305 1550 1325 1591 ¹⁰

330 1644 505 1726 συνῆλθον
517 1641 550 1719 ἐς
564 1634 601 1709 τὸ
624 1636 705 1709 αὐτὸ
728 1643 848 1708 πεδίον
864 1637 1084 1726 μαχούμενοι,
1106 1640 1289 1726 ἐπειρῶντο

330 1740 369 1810 δέ
383 1746 417 1810 ολ
429 1740 491 1830 μὲν
504 1742 686 1832 βάρβαροι,
697 1743 784 1812 πολύ
797 1768 828 1809 τι
843 1748 889 1833 τῶ
902 1741 1026 1830 πλῆθει
1039 1737 1169 1810 τούτων
1182 1736 1289 1827 ὑπερ-

330 1845 477 1932 έχοντες,
491 1844 731 1915 κυκλῶσασθαι
753 1842 831 1924 τοὺς
845 1841 1024 1932 Ῥωμαίους
1043 1845 1099 1912 καὶ
1120 1849 1290 1933 σαγηνεῦ-

330 1967 401 2016 σαι·
416 1953 451 2015 οί
463 1946 500 2015 δὲ
509 1943 659 2036 Ῥωμαῖοι
669 1944 781 2018 οὐκέτι
795 1945 852 2028 τάς
861 1948 1032 2035 φάλαγγας
1042 1951 1075 2027 ἐς
1084 1945 1192 2035 βάθος
1204 1972 1290 2016 συν-

330 2056 487 2135 ίστασαν,
508 2051 541 2129 ἐς
566 2057 670 2139 μῆκος
690 2047 723 2119 δ’
751 2055 954 2131 ἐκτείνοντες
975 2047 1027 2119 άεδ
1042 2048 1078 2119 τό
1098 2049 1289 2138 κυκλούμε-
1306 2069 1325 2112 1⁵

300 2168 392 2221 5νον
405 2151 606 2236 ἐνεπόδιζον.
658 2160 789 2243 πλῆθος
806 2153 844 2222 δὲ
857 2161 1018 2224 τοσοῦτον
1032 2150 1169 2240 άνδρῶν
1183 2182 1221 2223 τε
1235 2156 1291 2223 καλ

329 2261 462 2343 κτηνῶν
475 2253 648 2345 ἐφουεόθη
663 2252 707 2337 ῶς
725 2263 793 2328 πάν
807 2264 1030 2348 πληρωθῆναι
1044 2255 1080 2325 τό
1097 2262 1217 2327 πεδίον
1231 2284 1291 2346 με·

330 2364 464 2447 γίστους
480 2386 516 2427 τε
536 2357 666 2448 σωροὺς
687 2359 873 2449 πτωμάτων
892 2365 924 2442 ἐς
944 2357 1030 2443 ὕφος
1051 2357 1214 2448 ἀρθῆναι,
1236 2362 1292 2429 καλ

329 2459 470 2550 μάλιστα
483 2468 552 2531 τῶν
576 2464 735 2553 καμῆλων
754 2463 950 2554 ε’παλλῆλων
970 2472 1175 2534 πιπτουσῶν.
1208 2463 1292 2551 πρός

329 2592 365 2636 τε
379 2554 442 2635 οὖν
456 2563 492 2636 τὸ
503 2570 689 2655 διατρίχειν
702 2571 930 2652 ἐνεποδίζοντο
945 2572 980 2637 οί
994 2565 1190 2656 μαχόμενοι·
1206 2564 1290 2637 οὐκ·
1306 2593 1328 2633 νο

329 2670 379 2740 ἐτι
398 2669 436 2738 δέ
456 2665 537 2741 οὐδὲ
555 2672 741 2761 καθεῶρων
755 2667 929 2762 άλλῆλους,
946 2670 1091 2759 μεγάλου
1106 2672 1212 2740 οίονελ
1225 2670 1292 2758 χῶ-

329 2800 429 2859 ματος
444 2776 583 2867 ἐνμέσῳ
602 2780 659 2845 καὶ
681 2774 852 2864 δυσβάτου
872 2772 937 2845 ὑπὸ
962 2782 1030 2844 τῶν
1050 2772 1215 2882 σωμάτρον
1235 2797 1292 2843 σε-

329 2879 563 2964 σωρευμένον,
579 2872 645 2965 ὑφ’
666 2869 709 2947 οὗ
721 2878 928 2965 κωλυόμενοι
941 2892 1009 2958 τοῖς
1030 2872 1141 2957 ἄλλοις
1162 2879 1292 2948 ἐπιέναι

328 2979 461 3049 ἕκαστοι
475 2981 668 3067 ἐπανῆλθον
681 2984 714 3061 ἐς
727 2979 768 3049 τά
780 2982 909 3049 ἑαυτῶν
918 2979 1135 3068 στρατόπεδα.

298 3098 315 3152 6
435 3076 453 3150 ό
467 3082 505 3151 δέ
518 3090 694 3170 Μακρῖνος
707 3084 821 3164 συνείς
835 3078 886 3153 ότι
895 3081 957 3153 οὐκ
972 3080 1080 3164 άλλως
1091 3082 1292 3173 Ἀρτάβανος
1306 3112 1329 3154 τε

328 3182 487 3273 ἐκθύμως
499 3212 535 3255 τε
555 3183 692 3275 μάχεται
715 3188 771 3255 καλ
794 3190 972 3275 προσμένει
994 3184 1070 3256 ἀλλ’
1093 3181 1115 3275 ῆ
1137 3187 1291 3275 οἰόμενος

324 3283 513 3380 Ἄντωνίνφ
532 3291 715 3378 μάχεσθαι,
740 3290 911 3360 εἰωθότων
938 3286 991 3360 άελ
1016 3296 1084 3360 τῶν
1107 3289 1292 3379 βαρβάρων

276 3406 278 3411 ’
330 3396 434 3485 βᾷστα
448 3388 653 3481 άποκάμνειν
674 3396 893 3464 ἐθελοκακεῖν
912 3421 963 3480 τε,
987 3400 1019 3464 εί
1038 3392 1084 3481 μῆ
1106 3421 1138 3461 τι
1160 3397 1198 3463 ἐν
1220 3410 1291 3477 ταῖς

300 3494 478 3588 ῖττρῶταις
493 3491 610 3585 ὁρμαῖς
631 3496 905 3586 κατορθώσουσι,
926 3496 999 3567 τότε
1020 3496 1057 3566 δέ
1080 3497 1291 3586 προσμενόν-

329 3627 398 3670 των
422 3596 467 3682 ῶς
492 3594 535 3669 άν
556 3599 617 3689 τῆν
637 3597 745 3688 μάχην
768 3596 1014 3671 άνανεῶσαιντο
1034 3597 1116 3688 μετόι
1137 3598 1200 3688 τῆν
1220 3607 1289 3670 τῶν
1304 3632 1329 3675 σο

329 3712 461 3792 νεκρῶν
481 3699 654 3793 άναίρεσίν
668 3731 704 3772 τε
723 3705 780 3773 καὶ
799 3704 1017 3794 κατάφλεξιν,
1040 3700 1102 3773 οὐκ
1124 3706 1291 3790 οίομίνων

316 3811 527 3898 τεθνηκελιαι
543 3806 605 3881 τόν
617 3814 676 3902 τῆς
691 3813 814 3901 ἔχθρας
828 3818 954 3895 αῖτιον,
972 3808 1093 3893 πέμπει
1106 3814 1291 3897 πρεσβείαν
