3134 4367
314 420 354 483 ³4
698 414 875 476 ΠΡΩΤΟΝ

311 597 379 663 τῶν
406 587 607 680 μονομάχων
638 595 868 675 καταχωχίου
904 587 1207 679 προσποιησάμενοι
1235 588 1274 658 δὲ

312 698 390 786 περὶ
403 699 471 763 τῶν
484 696 602 785 ἐκείνφ
617 690 852 782 διαφερόντων
864 693 1068 762 σκέπτεσθαι
1089 698 1274 762 συντίθεν-

312 826 367 869 ται
381 796 511 887 φθάσαι
524 822 556 865 τι
569 794 750 884 δράσαντες
763 789 784 883 ῆ
799 807 942 881 παθεῖν,
958 793 1039 865 οὐδὲ
1052 792 1172 885 καιρδν
1186 794 1273 864 εἶναι

281 900 500 993 εμελλῆσεως
515 893 537 989 ῆ
551 896 727 987 ἀναβολῆς.
779 896 912 990 άρέσκει
933 896 974 988 δῆ
997 905 1116 969 δοῦναι
1138 899 1271 988 φάρμα-

313 1034 375 1076 κον
385 1001 585 1093 δηλητήριον
598 1006 645 1095 τῷ
658 1001 838 1096 Κομμόδφ,
846 999 1007 1091 ὑπέσχετο
1023 999 1055 1071 δ’
1072 999 1154 1071 αὐτὸ
1168 1005 1274 1093 ῥᾷστα
1293 1020 1307 1060 5

314 1109 436 1181 δώσειν
449 1102 471 1196 ῆ
484 1111 642 1195 Μαρκία·
658 1104 773 1175 είοόθει
794 1104 858 1197 γάρ
880 1103 964 1195 αὐτῆ
985 1105 1141 1196 κιρνάναι
1160 1132 1197 1173 τε
1219 1107 1275 1173 καὶ

314 1212 447 1285 διδόναι
460 1207 522 1298 τῆν
535 1206 671 1298 πρώτην
684 1209 801 1294 πόσιν,
817 1205 860 1291 οδς
880 1207 979 1300 ῆδιον
998 1217 1067 1278 πίοι
1088 1205 1167 1300 παρ’
1190 1211 1274 1299 ἐριο-

313 1320 424 1407 μένης.
453 1310 587 1382 ἐλθόντι
606 1312 644 1381 δὲ
664 1309 756 1404 αὐτῷ
769 1309 835 1381 άπδ
849 1320 909 1382 τοῦ
927 1318 1071 1402 λουτροῦ
1085 1314 1276 1400 ἐμβαλοῦσα

314 1423 347 1501 ἐς
359 1419 481 1489 κύλικα
494 1421 555 1486 τοῦ
576 1415 772 1506 φαρμάκου,
793 1426 875 1510 οίνφ
894 1444 930 1485 τε
951 1416 1121 1505 κεράσασα
1142 1413 1275 1499 εόάδει,

315 1528 466 1593 δίδωσιν.
501 1546 519 1588 ο
541 1516 574 1588 δ
604 1547 648 1599 ως
671 1518 807 1608 συνῆθη
828 1527 1042 1646 φιλοτησίαν,
1065 1516 1146 1606 μετά
1167 1516 1274 1588 πολλά
1296 1538 1320 1577 ¹⁰

270 1621 439 1721 λουτρά
460 1624 517 1693 καὶ
537 1622 706 1715 γυμνάσια
727 1620 768 1691 τά
789 1620 874 1713 πρός
895 1630 1001 1714 θηρία
1027 1627 1156 1748 διφῶν,
1182 1627 1278 1691 ἔπιεν

283 1726 537 1818 θάναισθῆτως
591 1723 721 1806 εὐθέως
746 1726 847 1795 δὲ’
804 1754 904 1817 καρος
930 1730 1093 1797 ἐπέπεσεν
1114 1722 1224 1818 αότφ,
1245 1728 1278 1805 ἐς

314 1830 426 1903 ὕπνον
444 1858 481 1899 τε
500 1830 763 1919 καθελκόμενος,
777 1824 845 1900 όπδ
864 1830 1013 1918 καμάτου
1026 1834 1124 1899 τοῦτο
1138 1829 1280 1917 πάσχειν

316 1931 489 2025 οίήθείς
472 1932 693 2003 ανεπαάσατο.
741 1927 759 1999 ὁ
787 1930 850 2003 δὲ
848 1931 1015 2013 Ἐκλεκτος
1042 1935 1098 2001 καί
1124 1938 1279 2020 Μαρκία,

317 2039 443 2117 πάντας
456 2034 640 2124 ἀποστῆναι
653 2034 871 2117 κελεύσαντες
891 2042 925 2117 ἔς
937 2064 973 2105 τε
991 2033 1032 2104 τά
1054 2042 1160 2104 οἰκεῖα
1181 2032 1275 2105 άπιέ-
1296 2059 1319 2099 ιε

317 2171 390 2227 ναι,
403 2136 547 2230 ἡσυχίαν
561 2137 602 2229 δῆ
623 2138 870 2228 παρεσκεύαζον
889 2136 990 2232 αὐτῷ.
1026 2138 1142 2207 είοόθει
1164 2139 1202 2207 δὲ
1222 2141 1278 2207 καὶ

317 2246 372 2314 ἐπὶ
385 2242 499 2313 άλλων
511 2248 610 2312 τοῦτο
623 2241 763 2330 πάσχειν
776 2238 795 2311 δ
808 2242 985 2332 Κόμμοδος
997 2237 1064 2311 ὑπὸ
1074 2242 1278 2334 κραιπάλης·

317 2347 477 2426 πολλάκις
490 2344 554 2436 γάρ
568 2344 772 2433 λουσάμενος
778 2347 835 2415 καί
844 2346 1003 2425 πολλάκις
1012 2350 1139 2415 ἐσθίων
1154 2344 1279 2415 οὐδένα

316 2448 437 2542 καιρόν
450 2448 539 2537 εἶχεν
552 2445 615 2529 ἐς’
598 2448 790 2518 ανάπαυσιν
805 2445 1001 2540 οιρισμένον,
1010 2447 1208 2539 ἐπαλλήλοις
1221 2452 1278 2518 καί

318 2554 493 2644 διαφόροις
505 2551 726 2641 συνεχόμενος
738 2547 860 2649 ῆδοναῑ
860 2579 935 2639 ς,α
913 2547 965 2633 αἷς
987 2550 1027 2643 δῆ
1041 2551 1275 2641 καταλαβοόση
1295 2575 1322 2615 το

269 2679 303 2734 10
319 2655 389 2751 ὥρα
402 2655 493 2728 καὶ”
471 2686 564 2727 ακων
578 2656 767 2727 ἐδούλευεν.
821 2654 874 2726 ἐπ’
894 2654 1009 2744 ὀλίγον
1029 2646 1151 2744 μὲν
1111 2683 1175 2724 ουν
1192 2651 1291 2783 ῆσό

318 2783 414 2852 χασε,
437 2763 514 2852 περὶ
535 2761 700 2850 στόμαχον
721 2760 759 2830 δὲ
781 2763 838 2830 καὶ
859 2767 991 2830 κοιλίαν
1017 2787 1079 2829 του
1098 2759 1279 2849 φαρμάκου

318 2866 501 2953 γενομένου
517 2863 643 2951 ἴλιγγός
660 2891 696 2933 τε
716 2860 821 2933 αὐτόν
842 2863 1089 2950 καταλαμβάνει
1110 2862 1224 2952 ἔμετός
1243 2891 1279 2932 τε

319 2964 424 3046 πολδς
442 2968 641 3053 ἐπιγίνεται,
662 2961 684 3054 ῆ
703 2971 761 3054 τῆς
781 2967 1040 3056 προεγκειμόυης
1065 2972 1194 3055 τροφῆς
1210 2963 1279 3055 άμα

320 3075 410 3163 ποτῷ
424 3075 536 3162 πολλῷ
550 3067 740 3155 ἐξωθοάσης
753 3067 790 3138 τδ
805 3067 1000 3160 φάρμακον,
1019 3063 1040 3157 ῆ
1064 3067 1121 3138 διά
1139 3067 1177 3139 τδ
1193 3096 1275 3161 προ·
1294 3098 1320 3137 ιε

319 3171 591 3263 λαμβανόμενον,
606 3169 689 3260 ὅπερ
710 3172 851 3263 είοόθασι
871 3180 1019 3262 βασιλεῖς
1039 3171 1192 3243 ἑκάστοτε
1214 3171 1279 3262 πρδ

272 3294 304 3346 ll
321 3274 427 3364 πάσης
439 3280 564 3367 τροφῆς
577 3274 777 3364 λαμβάνειν,
792 3275 931 3365 κώλυμα
945 3281 1165 3366 δηλητηρίων.
1191 3276 1282 3365 πλὴν
1345 3365 1347 3371 ¹

320 3377 405 3451 άλλδι
418 3385 544 3450 πολλοῦ
556 3407 595 3467 νε
608 3406 668 3449 του
654 3377 919 3506 ἐμέτμυόντος,
932 3382 1139 3470 φοβηθέντες
1153 3378 1197 3470 μῆ
1211 3386 1280 3450 πάν

320 3480 524 3574 ἐξομόσας
491 3510 529 3553 το
549 3483 727 3610 φάρμακον
747 3480 903 3573 άνανῆιβη
906 3482 973 3553 καί
987 3483 1109 3563 πάντες
1122 3479 1276 3554 ἀπόλων-

319 3616 390 3676 ται,
405 3593 545 3658 νεανίαν
557 3584 633 3656 τινά
646 3585 750 3675 όνομα
764 3585 975 3677 Νάρκισσον,
998 3586 1157 3674 γενναῖόν
1171 3590 1278 3658 τεκαὶ
1295 3624 1320 3665 3⁰

319 3690 504 3783 άκμαστῆν,
525 3697 707 3761 πείθουσιν
720 3689 959 3790 εἰσελθόντα
926 3718 986 3761 τον
998 3688 1210 3778 Κόμμοδον’
1192 3717 1274 3762 απο-
