3134 4367
523 456 936 528 HPATm02‚1ffl‚s'.-
1026 431 1027 436 ‘
1169 462 1210 523 59

251 633 458 707 ἀδιάλειπτοι
478 636 790 727 προσπχθήσουται,
815 640 922 707 καλοί
943 623 1210 728 προσβάλλοντες

249 737 393 829 ἀκμῆτες
424 743 481 810 καλ
506 742 622 830 υεαρολ
650 738 708 821 τάς
733 739 939 822 άυαπαάσεις
956 744 993 811 ἐν
1014 743 1106 831 μέρει
1134 766 1208 812 ποι-

250 845 387 932 ούμενοι
398 848 591 933 μαχοῦνται.
614 853 662 913 12.
675 841 754 925 τούς
766 845 880 934 μέντοι
894 845 1209 934 πολιορκουμένους,

249 946 333 1037 μηδ’
347 943 391 1017 άυ
405 948 495 1027 πάνυ
510 950 626 1018 πολλοὶ
639 947 861 1036 τυγχάνωσιν,
876 949 999 1018 οἰέσθω
1014 976 1063 1028 τις
1077 945 1114 1017 τὸ
1129 943 1211 1016 αὐτὸ

249 1051 462 1142 στρατήγημα
475 1049 761 1122 άυτεισοίσεσθαι·
774 1048 813 1121 τὸ
826 1049 891 1139 γάρ
910 1056 1124 1137 κινδυνεῦον,
1139 1046 1211 1119 οὐδ’

248 1150 293 1224 άν
317 1158 475 1245 ἐπιτρέπῃ
496 1182 562 1243 τις,
585 1151 683 1246 ὕπνῳ
703 1162 898 1244 χαρίζεσθαι
915 1153 1087 1244 βούλεται·
1114 1152 1212 1245 φόβῳ

248 1256 313 1348 γάρ
328 1264 389 1329 τοῦ
403 1263 534 1345 δεινοῦ,
548 1254 630 1347 παρ’
643 1254 684 1328 ὃν
697 1255 905 1329 ἀναπαύεται
917 1258 1049 1347 χρόνον,
1064 1252 1108 1337 ὡς
1121 1252 1211 1326 άλω-
1226 1349 1227 1354 ¹

249 1363 391 1450 σομέυης
404 1368 462 1451 τῆς
478 1360 605 1441 πόλεως
619 1361 818 1450 ἐγρήγορεν·
846 1364 902 1431 καὶ
916 1361 953 1431 τὸ
968 1360 1209 1450 πολιορκούμε-

249 1493 327 1551 νον,
354 1460 419 1534 κάν
447 1462 561 1553 ὀλίγον
589 1454 612 1554 ᾖ
642 1462 680 1535 τὸ
707 1470 910 1553 πολιορκοῦυ
932 1462 1014 1535 αὐτό
1021 1518 1031 1553 ,
1063 1464 1211 1534 πασσυδὶ

249 1567 474 1656 προσαμύνει,
489 1570 546 1638 καὶ
560 1573 629 1638 πᾶν
641 1566 722 1637 ὅσον
735 1567 934 1657 έντειχίδιόυ
947 1572 1015 1638 ἐστι
1029 1575 1211 1656 κεκίνηται,

249 1669 301 1742 ὅτι
315 1673 372 1741 καλ
386 1670 422 1741 τὸ
439 1675 562 1761 μέλλον
581 1670 817 1762 φοβερώτερον
823 1726 833 1760 ,
855 1668 917 1757 ὦς,
941 1677 971 1741 ελ
990 1668 1079 1760 παρὰ
1091 1669 1213 1760 μικρὸν

250 1772 468 1865 άμελήσαιευ,
490 1772 715 1864 ἀπολούμενοι
734 1775 866 1856 πάντες.
902 1785 952 1847 13.
977 1772 1061 1846 ὅθεν
1076 1772 1117 1863 δὴ
1132 1770 1211 1844 πάσ’

250 1876 379 1967 ἀνάγκη
393 1880 617 1969 τρυχομένους
629 1876 752 1959 αὐτους
765 1880 822 1948 καὶ
835 1879 920 1968 μηδὲ
932 1884 1014 1967 μίαν
1027 1875 1119 1967 ὤραν
1129 1873 1212 1947 άυά·
1326 1941 1331 1950 .

250 1991 385 2051 παυλαυ
398 1993 561 2069 ἴσχοντας,
575 1978 659 2051 άλλά
668 1985 725 2051 καὶ
738 1978 940 2071 άγρυπυίαις
954 1982 1010 2052 καὶ
1018 1979 1134 2061 πόνοις
1151 1976 1212 2050 κά·
1261 2062 1268 2072 „

250 2112 405 2175 μυουτας,
420 2086 490 2155 εἶτα
502 2087 559 2156 καλ
572 2082 654 2174 πρὸς
662 2082 702 2154 τὰ
711 2087 875 2175 μέλλοντα
887 2082 1214 2174 τεταλαιπωρηκότας

251 2186 495 2276 ἀσθενέστερον
502 2205 571 2269 τοῖς
580 2190 751 2279 σφετέροις
765 2183 1026 2278 προσαμύνειυῆ
1041 2185 1118 2268 τούς
1138 2192 1213 2277 δεη·

251 2294 412 2383 σομέυους
430 2294 487 2361 καλ
500 2290 761 2381 παραδώσοντας
773 2289 837 2380 τὴν
851 2291 951 2362 πόλιν
964 2293 1154 2378 ἐκπέμπειν.

713 2512 747 2582 ε’.
875 2510 879 2518 ’
1225 2526 1273 2577 124

325 2661 414 2721 [ΠΩΣ
431 2661 508 2712 ΧΡΗ
525 2659 601 2712 TON
617 2659 840 2712 ΣΤΡΔΤΗΓΟΝ
854 2656 1142 2719 ΑΝΔΠΑΤΕΣΘΑΙ.]

307 2813 355 2873 14.
370 2798 480 2882 Αὐτὸς
494 2792 558 2872 οὖν
570 2796 588 2870 ὃ
601 2798 794 2891 στρατηγός,
809 2809 890 2880 ἴσως
903 2797 1003 2888 φήσει
1017 2826 1076 2887 τις,
1091 2802 1124 2883 ἐξ
1133 2794 1214 2867 άδά-
1295 2793 1303 2806 ’

252 2927 381 2996 μαντος·
394 2900 415 2994 ἢ
430 2904 571 2995 σιδήρου
584 2904 803 2993 κεχάλκευται
816 2902 917 2992 μόνος
930 2900 1103 2993 άγρυπνος
1115 2900 1216 2983 ἐστως

253 3012 308 3080 ἐπὶ
329 3024 398 3090 τοῖς
415 3004 528 3090 αὐτοῖς
541 3014 665 3098 ἔργοις;
694 3004 735 3077 οὐ
757 3012 857 3097 δῆτα·
877 3004 962 3076 άλλά
976 3002 1057 3096 παρ’
1077 3002 1118 3074 δυ
1130 3001 1215 3076 άυα-

253 3112 396 3183 παύεται
416 3111 537 3199 χρόνον
562 3109 608 3165 -’-
630 3102 728 3191 οὗτος
749 3108 780 3180 δ’
797 3108 909 3198 ὀλίγος
926 3115 1010 3179 ἔστω
1024 3110 1081 3179 καλ
1094 3108 1215 3178 σάντο-
1247 3135 1254 3170 ι

213 3233 215 3238 ’
252 3244 314 3307 μος
329 3258 396 3302 -,
416 3218 477 3285 ἕνα
490 3219 560 3284 των
574 3205 612 3285 έν
625 3215 704 3305 δόξη
718 3213 926 3284 πιστοτάτων
944 3216 1001 3285 καὶ
1020 3210 1215 3301 ἀνδρειοτά-

252 3347 329 3408 των
343 3314 489 3407 ἡγεμόνα
509 3321 578 3388 τῶν
597 3320 653 3388 καὶ
680 3316 721 3387 τά
748 3316 889 3406 δεύτερα
915 3322 974 3407 τῆς
999 3319 1217 3407 στρατηγικῆς

253 3421 356 3513 ἀρχῆς
374 3421 520 3509 ἐχόντων
532 3419 739 3511 ἐπιστησάτω
751 3436 821 3522 τοῖς
834 3426 966 3517 ἔργοις.)
