3134 4367
667 441 888 501 ΠΕΜΠΤΟΝ
1191 436 1250 500 133

294 640 348 693 τες
362 612 418 681 καλ
434 608 602 699 μετιόντες
615 610 698 701 πρὸς
717 610 776 682 τὸν
792 609 1010 681 'Avvwvlvow¹
1054 608 1139 702 άπερ
1159 606 1249 701 όρών
1264 622 1280 677 7

293 713 522 803 ὁΜακρῖνος,
543 722 708 803 φοβηθείς
727 743 764 785 τε
785 713 831 803 μή
852 714 1039 785 παντάπασι
1060 717 1251 803 γυμνωθεὶς

296 825 355 908 τῆς
368 817 543 904 δυνάμεως
557 817 760 906 αίχμάλωτός
769 846 805 888 τε
818 821 963 907 ληφθεὶς
972 814 1251 907 αίσχίστωςόβρι-

296 928 414 1009 σθείη,
429 927 478 990 ἔτι
493 927 550 1007 τῆς
563 921 666 1009 μάχης
679 921 901 1010 συνεστώσης,
914 923 1054 1009 ἑσπέρας
1066 917 1131 1009 ήδη
1146 917 1250 1008 προσ-

266 1057 280 1097 τ
295 1024 428 1111 ιούσης,
452 1019 640 1112 ἀπορρίψας
661 1023 698 1094 τό
710 1026 895 1113 χλαμύδιον
908 1026 965 1094 καὶ
980 1033 1014 1093 εί
1023 1053 1054 1093 τι
1068 1030 1175 1112 σχήμα
1189 1031 1251 1112 βα-

294 1124 426 1197 σιλικὸν
440 1130 641 1214 περιέκειτο,
659 1126 777 1197 λαθών
797 1124 1036 1217 ἀποδιδράσκει
1050 1125 1115 1197 σύν
1128 1124 1251 1215 ὀλίγοις

295 1227 566 1318 ἑκατοντάρχαις,
593 1226 653 1311 οὓς
683 1231 898 1311 πιστοτάτους
926 1228 1022 1323 ρ’όετο,
1056 1228 1093 1299 τό
1120 1232 1252 1318 γένειον

294 1330 573 1421 άποκειράμενος,
597 1328 641 1414 ώς
661 1332 706 1422 μή
729 1341 938 1423 γνωρίζοιτο,
957 1333 1082 1422 ἐσδήτά
1101 1361 1136 1403 τε
1158 1329 1251 1403 ὁδοι-

294 1434 439 1527 πορικήν
453 1433 567 1525 λαβών
581 1438 637 1505 καλ
649 1435 711 1524 τήν
724 1436 876 1527 κεφαλήν
891 1434 943 1505 άεδ
957 1440 1100 1506 σκέπων.
1116 1437 1249 1522 νύκτωρ
1263 1447 1281 1499 8

261 1568 281 1607 ιο
294 1567 328 1609 τε
348 1540 407 1609 καλ
419 1536 501 1627 μεθ’
524 1536 652 1627 ήμέραν
672 1536 869 1628 ώδοιπόρει,
888 1539 1034 1627 φθάνων
1056 1538 1116 1627 τήν
1136 1541 1251 1630 φήμην

293 1649 349 1731 τής
380 1644 503 1711 ἑαυτοῦ
534 1642 652 1731 τύχης,
685 1650 753 1712 τών
786 1670 822 1711 τε
849 1643 1099 1732 ἑκατοντάρχων
1125 1644 1252 1731 μεγάλη

292 1750 425 1835 σπουδή
439 1742 479 1813 τά
500 1741 645 1833 ὀχήματα
665 1744 885 1834 ἐπειγόντων,
908 1741 953 1826 ώς
972 1742 1014 1815 άν
1033 1741 1099 1816 ύπό
1114 1753 1251 1833 Μακρί-

291 1876 356 1917 νου
370 1854 420 1917 έτι
433 1849 669 1936 βασιλεύοντος
676 1852 735 1919 έπί
744 1877 820 1918 τινα
833 1854 1001 1920 σπουδαία
1015 1851 1250 1937 πεμφθέντων.

377 1946 413 2020 ’δ
432 1951 495 2039 μέν
514 1942 578 2020 οὖν
596 1958 740 2040 ἔφυγεν,
763 1948 808 2033 ώς
833 1963 975 2042 εἴρηται·
1002 1950 1019 2023 ό
1048 1953 1085 2023 δὲ
1110 1950 1250 2041 στρατὸς

259 2075 278 2114 15
293 2056 503 2142 ἑκατέρωθεν
517 2055 691 2143 ἐμάχοντο,
706 2051 791 2147 ὑπὲρ
812 2063 872 2126 τοῦ
886 2064 1068 2147 Μακρίνου
1089 2061 1123 2126 οί
1136 2076 1250 2143 σωμα-

290 2155 478 2245 τοφύλακες
492 2159 548 2227 καλ
564 2158 765 2247 δορυφόροι,
780 2155 840 2239 οδς
855 2157 895 2247 δή
909 2158 1175 2249 πραιτωριανοός
1188 2187 1250 2227 κα-

290 2266 426 2347 λοῦσιν,
447 2267 482 2329 οἳ
508 2268 671 2350 γενναίως
693 2259 944 2349 άνθεστήκεσαν
967 2265 1067 2333 παντὶ
1093 2269 1139 2355 τῷ
1159 2257 1249 2353 άλλφ

290 2370 421 2456 στρατῷ
442 2359 499 2432 άτε
526 2361 620 2444 ὅντες
639 2367 791 2453 μέγιστοί
809 2393 845 2435 τε
868 2368 924 2436 καλ
945 2369 1126 2436 ἐπίλεκτοι·
1151 2363 1188 2434 τὸ
1211 2365 1248 2433 δὲ

290 2468 465 2536 ἐπίλοιπον
485 2473 553 2537 πᾶν
574 2474 703 2555 πλῆθος
718 2464 805 2557 ὑπὲρ
825 2476 886 2539 τοῦ
902 2467 1105 2538 Ἀντωνίνου
1123 2464 1249 2555 ήγωνί-

255 2592 277 2631 2⁰
290 2576 395 2652 ζοντα.
449 2565 493 2649 ως
508 2570 545 2639 δὲ
561 2572 616 2639 ἐπὶ
634 2569 721 2640 πολύ
741 2569 801 2641 τὸν
820 2581 1000 2662 Μακρίνου
1022 2567 1085 2639 ούκ
1106 2576 1278 2657 έβλεπον9

290 2676 325 2741 οί
336 2668 424 2763 ὑπὲρ
440 2669 546 2741 αύτού
560 2672 741 2761 μαχόμενοι
755 2670 837 2743 ούδδ
856 2672 896 2743 τά
908 2680 966 2762 τῆς
980 2678 1149 2761 βασιλείας
1162 2668 1249 2758 σύμ-

289 2781 392 2863 βολα,
408 2775 596 2864 διηπόρουν
618 2775 660 2863 δή
686 2781 753 2845 πού
774 2776 853 2845 ποτὲ
875 2772 939 2865 άρα
961 2785 1028 2864 είη,
1049 2775 1191 2865 πότερον
1211 2777 1249 2843 έν

289 2885 334 2971 τῷ
349 2878 473 2966 πλήθει
489 2885 558 2948 τών
576 2881 739 2968 κειμένων
759 2874 945 2968 ήάποδράς
965 2876 1083 2972 ᾤχετο,
1101 2876 1249 2968 ήγνόονν

289 3008 325 3050 τε
340 2988 411 3062 πώς
431 2981 610 3070 χρήσονται
631 2988 677 3074 τῷ
693 2983 876 3073 πράγματι·
905 2979 983 3053 οὔτε
1003 2986 1068 3073 γάρ
1083 2982 1248 3072 μάχεσθαι

252 3114 275 3155 ιε
288 3080 418 3172 ήθελον
440 3081 525 3173 ὑπὲρ
547 3092 608 3154 τοῦ
623 3085 667 3174 μή
689 3085 869 3175 παρόντος,
892 3092 1108 3177 παραδοῦναί
1126 3114 1162 3156 τε
1183 3081 1247 3155 αύ-

288 3182 368 3269 τούς
381 3186 540 3267 έκδότους
557 3190 614 3257 καλ
629 3185 740 3279 ὥσπερ
755 3189 981 3278 αἰχμαλώτους
995 3186 1149 3280 ήδούντο.
1203 3185 1247 3270 ώς
1265 3210 1298 3263 10

288 3288 327 3359 δέ
339 3288 433 3381 παρὰ
446 3297 515 3360 τών
528 3287 724 3380 αὐτομόλων
738 3291 883 3363 ἐπύθετο
901 3290 1097 3373 Ἀντωνῖνος
1111 3290 1172 3380 τήν
1185 3300 1246 3362 τοῦ

287 3400 474 3481 Μακρίνου
488 3394 619 3483 φυγήν,
634 3398 764 3482 πέμψας
782 3395 931 3486 κήρυκας
951 3396 1102 3465 διδάσκει
1123 3392 1247 3476 αύτούς

288 3492 340 3565 ότι
364 3495 473 3586 μάτην
504 3494 589 3585 ὑπὲρ
618 3493 789 3585 άνάνδρου
818 3501 874 3567 καλ
900 3498 1052 3587 φυγάδος
1077 3499 1247 3586 μάχονται,

248 3624 274 3670 ω
288 3595 409 3670 άδειάν
424 3627 459 3669 τε
476 3602 532 3669 καὶ
546 3596 731 3688 άμνηστίαν
744 3600 890 3689 ἐνόρκως
904 3598 1127 3689 ὑπισχνεῖται,
1151 3608 1247 3668 καλεῖ

287 3706 393 3773 τεκαὶ
408 3698 513 3772 αὑτὸν
531 3702 837 3792 δορυφορήσοντας.
870 3712 905 3773 οἳ
921 3706 983 3792 μέν
1005 3695 1069 3773 οὖν
1088 3701 1247 3771 πεισθέν-

286 3832 340 3890 τες
353 3804 628 3899 προαεχώρησαν,
647 3802 665 3877 ό
681 3806 719 3879 δὲ
734 3802 936 3895 Ἀντωνῖνος
950 3809 1077 3900 πέμπει
1088 3804 1268 3886 τοὶιςδιώ-
