3134 4367
379 409 417 471 ιε
763 413 942 475 ΠΡΩΤΟΝ
1030 494 1033 497 ‚

378 590 488 655 ταῦθα
508 585 631 655 πάντα·
657 581 680 674 ή
697 613 733 655 τε
752 591 813 655 τοῦ
832 584 955 676 πατρὸς
981 584 1092 675 μνήμη
1118 585 1257 656 αίιόνιόν
1276 606 1329 655 σοι

242 726 246 734 .
377 696 490 759 πίστιν
502 691 559 758 καὶ
573 685 709 759 εόνοιαν
719 686 883 780 παράτων
892 686 1084 779 ἀρχομένων
1098 688 1327 780 ἐβεβαίωσεν.”

342 800 361 855 7
476 791 614 863 τοιαῦτά
639 820 714 862 τινα
741 795 774 873 ἐς
800 790 992 884 προτροπὴν
1018 791 1156 882 καλιήν
1182 792 1263 882 πρὸς
1288 793 1329 864 τά

376 903 548 984 κρείττονα
561 892 668 987 ὁρμήν
684 891 932 985 όΠομπηιανός
951 894 1056 966 είπάν
1075 900 1227 986 διέτρεψε
1247 896 1329 987 πρὸς

376 996 490 1087 ὀλίγον
503 997 541 1069 τό
560 998 748 1089 μειράκιον·
777 1003 947 1081 αἰδεσθεὶς
966 998 1029 1093 γάρ
1050 995 1067 1070 ὁ
1090 1001 1266 1089 Κόμμοδος
1285 999 1352 1070 τάῡ

375 1104 553 1191 λεχθέντα,
567 1100 668 1174 οὐδέν
681 1130 717 1173 τε
730 1097 834 1185 οἷόςτε
849 1098 897 1174 τόν
910 1102 1055 1191 εὐλόγως
1068 1101 1329 1194 ἀποκρίνασθαι,

376 1204 453 1286 τούς
475 1213 595 1294 φίλους
611 1204 843 1297 ἀπεπέμψατο,
864 1208 971 1298 φήσας
988 1205 1223 1300 ἀκριβέστερον
1243 1205 1325 1277 καθ’

344 1306 480 1379 δαῦτδν
493 1311 731 1393 ἐπισκέψεσθαι
744 1309 781 1381 τό
795 1314 969 1402 πρακτέον.
992 1314 1193 1400 ἐγκειμένων
1211 1310 1248 1380 δέ
1261 1316 1330 1379 τῶν

376 1415 453 1504 περὶ
466 1410 569 1482 αὐτόν
582 1413 804 1505 θεραπόντων
816 1411 926 1485 οὐκέτι
940 1417 1002 1504 μὲν
1021 1432 1089 1495 τοῖς
1103 1424 1213 1504 φίλοις
1227 1411 1328 1483 οὐδὲν

376 1515 589 1604 ἐκοινώσατο,
616 1519 784 1609 ἐκπέμψας
805 1518 843 1589 δέ
866 1518 1056 1608 γράμματα,
1078 1521 1134 1589 καὶ
1157 1524 1328 1608 διανείμας
1347 1542 1372 1583 ιο

375 1614 426 1701 οἷς
445 1622 620 1709 ἐδοκίμασε
640 1628 698 1711 τῆς
719 1618 823 1711 όχθης
842 1628 902 1691 τοῦ
921 1620 1050 1713 Ἴστρου
1071 1621 1133 1711 τήν
1154 1621 1327 1711 πρόνοιαν,

375 1726 558 1814 προστάξας
570 1752 607 1795 τε
620 1722 733 1807 αὐτοῖς
746 1723 877 1814 ἀνέχειν
890 1725 947 1806 τάς
965 1733 1033 1796 των
1053 1724 1234 1815 βαρβάρων
1254 1728 1326 1793 ἐπι-

375 1829 516 1916 δρομάς,
532 1831 726 1915 ἐπαγγέλλει
745 1826 808 1919 τήν
821 1834 945 1913 ἔξοδον.
978 1838 1013 1900 οἳ
1030 1829 1091 1917 μέν
1104 1821 1167 1900 οὖν
1181 1826 1329 1922 διῴκουν

373 1928 414 2000 τά
428 1932 709 2020 ἐγκεχειρισμένα·
730 1939 765 2000 οἳ
775 1934 832 2001 καὶ
845 1928 886 2002 οὐ
899 1939 1011 2026 πολλῷ
1024 1931 1132 2025 χρόνῳ
1153 1939 1329 2011 πλείστους

373 2031 636 2126 τῶνβαρβάρων
648 2031 761 2115 ὅπλοις
774 2034 1003 2125 ἐχειρώσαντο,
1012 2034 1090 2115 τοὺς
1103 2035 1140 2104 δὲ
1155 2036 1209 2104 ἐπὶ
1223 2033 1324 2123 μεγά-
1346 2046 1370 2086 ¹5

375 2145 448 2217 λαις
460 2136 657 2220 συντάξεσιν
671 2140 703 2219 ἐς
716 2143 834 2226 φιλίαν
847 2137 1062 2227 ἐπηγάγοντο,
1072 2142 1176 2230 ῥᾷστα
1189 2145 1326 2207 πείσαν-

344 2258 362 2313 9
375 2266 439 2319 τες.
491 2239 592 2330 φάσει
605 2238 669 2330 γάρ
679 2239 716 2311 τό
730 2241 902 2332 βάρβαρον
916 2241 1173 2331 φιλοχρήματον,
1183 2244 1240 2310 καλ
1253 2268 1327 2309 κιν-

377 2341 492 2413 δόνων
504 2339 816 2437 καταφρονήσαντες
829 2340 849 2435 ή
864 2341 910 2415 δι’
927 2348 1106 2435 ἐπιδρομῆς
1125 2347 1181 2414 καὶ
1201 2344 1328 2433 ἐφόδου

375 2443 413 2516 τό
425 2454 582 2537 χρειῶδες
595 2446 677 2536 πρός
689 2446 748 2519 τόν
761 2456 838 2537 βίον
851 2457 1056 2538 πορίζονται,
1070 2443 1091 2537 ή
1104 2447 1258 2536 μεγάλων
1272 2475 1326 2534 μι-

375 2556 473 2621 σθῶν
485 2550 546 2641 τήν
560 2550 697 2641 εἰρήνην
709 2548 1076 2623 ἀντικαταλλάσσονται.
1104 2547 1189 2642 άπερ
1203 2546 1219 2620 ὁ
1233 2550 1325 2639 Κόμ-
1345 2570 1371 2612 2⁰

363 2660 476 2743 ’μοδος
491 2655 605 2743 είδοός,
620 2658 676 2725 καὶ
694 2653 731 2726 τό
751 2652 933 2747 ἀμέριμνον
953 2652 1159 2746 ὠνούμενος,
1181 2651 1329 2743 ἀφειδῶς

375 2785 412 2827 τε
426 2766 511 2847 έχων
523 2759 716 2848 χρημάτων,
732 2760 841 2830 πάντα
854 2764 969 2830 ἐδίδου
982 2758 1022 2829 τά
1035 2759 1225 2848 αίτοόμενα.

347 2870 366 2928 7
477 2866 535 2949 τῆς
549 2862 587 2931 δὲ
600 2862 717 2943 ἐξόδου
730 2868 986 2950 διαγγελθείσης
993 2870 1123 2950 κίνησις
1136 2860 1178 2952 δή
1192 2869 1328 2951 μεγίστη

374 2964 621 3052 καταλαμβάνει
634 2961 671 3032 τό
686 2963 922 3053 στρατόπεδον,
937 2967 993 3034 καὶ
1007 2964 1127 3045 πάντες
1140 2962 1231 3058 αὐτῷ
1244 2988 1326 3034 συν«

375 3074 540 3135 απελθεϊν
558 3063 701 3156 ήθελον,
722 3062 766 3147 ἀς
779 3066 1002 3156 ἀπαλλαγεῖεν
1013 3067 1076 3156 μὲν
1088 3074 1146 3157 τής
1160 3072 1196 3139 ἐν
1209 3075 1249 3159 τή
1263 3094 1323 3138 πο·
1343 3091 1369 3130 25

375 3176 473 3260 λεμίρι
494 3174 683 3258 διατριβῆς,
703 3167 930 3243 ἀπολαύσειαν
952 3172 989 3241 δέ
1007 3177 1065 3261 τής
1079 3175 1115 3241 ἐν
1127 3168 1230 3261 Ῥώμη
1244 3199 1325 3259 τρυ-

376 3277 450 3360 φής.
479 3270 594 3362 ἐπειδή
615 3273 652 3342 δὲ
667 3271 911 3364 διεφοίτησενή
926 3275 1018 3365 φήμη
1038 3273 1176 3364 ἀγγελοί
1189 3301 1225 3343 τε
1243 3264 1327 3362 ήκον

374 3373 666 3467 κηρόττοντεςτήν
678 3384 739 3447 τοῦ
757 3382 919 3468 βασιλέως
940 3377 1071 3467 ἀφιξιν,
1092 3374 1268 3466 ὑπερήσθη
1290 3403 1327 3445 τε

375 3474 394 3549 ό
414 3474 583 3567 Ῥωμαίων
602 3485 703 3570 δήμος
724 3485 781 3552 καὶ
807 3478 948 3575 χρηστάς
969 3482 1057 3571 είχεν
1085 3485 1220 3560 ἐλπίδας
1245 3482 1326 3550 νέου

375 3578 617 3674 αὐτοκράτορος
628 3587 797 3678 ἐπιδημίᾳ,
806 3584 1033 3679 πατρςόζειντό
1041 3582 1214 3675 μειράκιον
1223 3578 1324 3672 ήγοά·
1345 3610 1371 3650 ιο

347 3711 481 3776 εμενοι.
532 3683 658 3768 ἀνύσας
677 3689 715 3759 δέ
732 3686 794 3780 τήν
812 3687 1008 3779 ὁδοιπορίαν
1026 3685 1230 3777 ὁΚόμμοδος
1243 3683 1326 3775 μετά

222 3791 292 3887 Ι
358 3794 524 3873 mamm}
535 3797 697 3882 σπουδής,
707 3796 765 3865 καὶ
775 3791 972 3888 διαδραμὼν
984 3790 1042 3873 τάς
1055 3794 1091 3860 ἐν
1105 3792 1192 3887 μέσφ
1204 3789 1326 3875 πόλεις,
