3134 4367
231 477 238 491 ,
301 418 360 479 160
717 414 861 474 ΕΚΤΟΝ

299 585 545 680 ἐβουλεύσαντο
559 582 855 656 ἀποσκευάσασθαι
867 583 929 673 μὲν
949 579 1009 650 τόν
1024 579 1251 671 Ἁλέξανδρον,

299 695 451 765 ἀνειπεῖν
465 692 503 761 δὲ
523 686 751 778 αὐτοκράτορα
772 690 828 757 καὶ
849 682 1012 776 σεβαστόν
1031 684 1091 755 τὸν
1105 690 1253 776 Μαξιμῐ-

300 826 378 885 νον,
399 792 648 884 συστρατιώτην
667 820 703 862 τε
722 788 836 861 αῦτῦν
854 788 936 861 ὅντα
949 791 1005 858 καὶ
1018 791 1208 880 σύσκηνον,
1224 799 1254 871 ἐς

300 930 335 972 τε
349 898 408 970 τὸν
422 900 570 989 παρόντα
586 896 730 985 πόλεμον
749 892 796 964 δι’
818 900 992 983 ἐμπειρίαν
1016 898 1073 965 καὶ
1095 894 1254 987 ἀνδρείαν

267 1028 284 1079 5
299 1001 488 1091 ἐπιτήδειον
502 1007 677 1070 δοκοῦντα.
709 996 952 1087 ἀθροισθέντες
966 988 1029 1068 οῦν
1041 1001 1075 1081 ἐς
1087 997 1125 1069 τὸ
1140 1005 1256 1069 πεδίον
1269 1027 1279 1068 τ

275 1115 277 1118 ’
300 1105 501 1194 ώπλισμένοι
521 1100 566 1184 ώς
584 1101 626 1190 δὴ
647 1104 701 1172 ἐπὶ
721 1100 762 1172 τά
781 1103 915 1192 συνήθη
935 1101 1113 1192 γυμνάσια,
1135 1111 1255 1192 προελ-

298 1211 407 1281 θόντα
434 1208 491 1277 καὶ
517 1203 693 1276 ἐπιστάντα
722 1204 836 1286 αῦτοίς
867 1204 926 1275 τόν
954 1210 1163 1295 Μαξιμϊνον,
1194 1216 1256 1277 εἴτε

298 1312 487 1403 ἀγνοοῦντα
496 1301 533 1379 τό
547 1309 775 1398 πραττόμενον
789 1318 855 1379 εἴτε
869 1312 925 1378 καὶ
934 1309 1047 1401 λάθρα
1058 1318 1161 1380 τοῦτο
1175 1338 1256 1398 προ-

301 1413 610 1498 κατασκευάσαντα,
638 1413 820 1503 πορφύραν
846 1413 1059 1500 ἐπιβαλόντες
1080 1411 1255 1501 βασιλικήν

270 1516 529 1608 6αὐτοκράτορα
555 1513 831 1606 ἀναγορεύουσιν.
884 1512 903 1585 ό
932 1516 969 1584 δὲ
991 1513 1030 1584 τά
1057 1516 1119 1605 μὲν
1142 1523 1290 1605 πρώταν

301 1637 479 1713 παρῃτεῖτο
492 1623 549 1690 καί
561 1617 622 1707 τήν
642 1618 824 1709 πορφύραν
840 1614 1050 1709 ἀπερρίπτει
1073 1616 1118 1700 ώς
1133 1621 1173 1689 δὲ
1187 1622 1256 1690 ἐνέ-

301 1753 413 1797 κειντο
427 1723 578 1813 ξιφήρεις
591 1718 787 1793 ἀποκτενεῖν
800 1718 1031 1808 ἀπειλοῦντες,
1054 1730 1116 1792 τοῦ
1131 1723 1256 1813 παρόν-

301 1858 357 1911 τος
375 1828 540 1898 κινδύνου
562 1825 599 1895 τό
619 1829 742 1913 μέλλον
760 1825 983 1916 προελόμενος
1002 1822 1181 1909 ἀνεδέξατο
1198 1825 1256 1915 τήν

300 1932 417 2019 τιμήν,
431 1929 589 2008 πολλάκις
602 1926 693 2020 αὐτῷ
708 1928 889 2018 πρότερον,
912 1925 956 2009 ώς
972 1935 1082 2017 ἐλεγε,
1100 1937 1256 2020 χρησμῶν

300 2036 357 2104 καὶ
370 2029 552 2120 ὀνειράτων
567 2029 628 2118 τήν
636 2031 802 2119 τοσαύτην
815 2031 919 2119 τύχην
932 2032 1194 2123 προειρηκότων,
1211 2039 1256 2102 εί·
1272 2060 1290 2100 ιε

302 2134 376 2206 πάν
390 2133 472 2223 πρὸς
488 2133 568 2214 τοῦς
590 2133 789 2222 στρατιώτας
804 2131 855 2204 ότι
868 2132 960 2203 άκων
972 2136 1034 2223 μὲν
1048 2138 1104 2205 καὶ
1125 2133 1168 2205 οῦ
1182 2144 1258 2224 βον-

303 2239 440 2328 λόμενος
459 2234 670 2324 ἀναδέχεται,
692 2236 892 2326 πειθόμενος
911 2245 951 2328 τῇ
972 2241 1113 2308 ἐκείνων
1132 2239 1257 2329 βουλή-

269 2354 285 2408 7
303 2366 371 2429 σει,
392 2342 613 2430 παραγγέλλει
632 2337 665 2409 δ’
691 2338 805 2421 αὐτοῖς
827 2348 914 2433 ἐργςο
937 2349 1121 2430 βεβαιῶσαι
1140 2341 1183 2413 τά
1200 2343 1256 2413 δό-

304 2450 404 2530 ξαντα
418 2441 605 2535 ἀραμένους
617 2471 653 2512 τε
665 2442 707 2513 τά
727 2438 814 2513 ὅπλα
835 2444 995 2514 σπεύδειν
1015 2447 1191 2534 ἐπιστῆναι
1212 2452 1256 2538 τῷ

299 2547 505 2637 Ἀλεξάνδρῳ
525 2544 720 2636 ἀγνοοῦντι,
745 2538 806 2635 τήν
831 2548 947 2637 φήμην
972 2548 1188 2638 φθάσαντας,
1209 2545 1253 2618 ἵν’
1271 2582 1291 2622 ω

302 2652 521 2742 ἐκπλήξοντες
546 2649 625 2731 τοῦς
649 2650 813 2731 συνόντας
832 2654 949 2744 ἐκείνῳ
975 2652 1178 2742 στρατιώτας
1203 2653 1258 2722 καλ

305 2756 477 2846 φρουρούς
491 2762 550 2824 τοῦ
565 2754 713 2842 σώματος
732 2750 754 2842 ἦ
774 2761 924 2824 πείσαιεν
944 2750 1258 2845 όμογνωμονήσαιή

304 2862 407 2950 ῥᾷστα
421 2858 592 2948 βιάσαιντο
608 2853 863 2944 ἀπαρασκεύους
876 2864 922 2948 τῷ
936 2859 1041 2947 μηδὲν
1057 2865 1256 2948 προσδοκᾶν.

273 2958 349 3044 θώς
363 2958 395 3031 δ’
411 2958 535 3039 αῦτοῦς
549 2963 582 3039 ἐς
597 2956 733 3029 εῦνοιαν
755 2960 811 3029 καὶ
830 2968 1025 3049 προθυμίαν
1044 2962 1135 3032 πάνυ
1156 2989 1258 3052 προε-

303 3067 481 3152 καλέσατο,
501 3062 542 3132 τά
561 3089 597 3131 τε
616 3063 786 3150 σιτηρέσια
806 3065 1079 3153 ἐπεδιπλασίασε,
1099 3066 1205 3154 νομάς
1223 3094 1257 3135 τε
1271 3090 1292 3133 π

303 3170 360 3237 καὶ
373 3167 483 3248 δόσεις
496 3171 650 3254 μεγίστας
664 3161 840 3253 ὑπέσχετο,
854 3176 1012 3256 τιμωρίας
1031 3196 1067 3237 τε
1086 3170 1144 3239 καὶ
1163 3178 1257 3258 κηλῖ-

304 3276 364 3349 δας
376 3268 483 3349 πάσας
497 3265 610 3347 αὐτοῖς
623 3264 764 3357 άνήκεν,
781 3271 839 3338 ἐπί
857 3297 892 3338 τε
912 3269 973 3359 τὴν
986 3280 1126 3360 πορείαν
1141 3273 1258 3361 ἐξήγα-

305 3394 381 3460 γεν·
399 3367 441 3440 οῦ
455 3369 541 3440 πολῦ
555 3367 587 3438 δ’
604 3367 797 3459 ἀφειστήκει
811 3369 849 3441 τό
862 3382 986 3464 χωρίον
1007 3381 1093 3444 ἔνθα
1113 3372 1257 3464 ἐσκήνου

305 3472 322 3545 ὁ
336 3471 549 3562 Ἀλέξανδρος
563 3475 619 3542 καὶ
631 3480 667 3544 oc
682 3472 747 3544 σῦν
765 3470 867 3567 αῦτςῦ.

271 3592 290 3652 9
407 3574 452 3660 άς
465 3574 499 3647 δ’
517 3574 686 3667 ἀπηγγέλη
700 3575 740 3648 τά
753 3580 904 3668 περὶτοῦ
918 3584 1123 3669 Μαξιμίνον,
1138 3577 1257 3650 δἈλέ-
1273 3602 1295 3643 ³⁰

306 3688 446 3773 ξανδρος
459 3685 496 3751 ἐν
509 3689 646 3771 μεγίστη
663 3688 788 3773 ταραχή
807 3683 986 3772 γενόμενος
1005 3685 1062 3752 καὶ
1082 3690 1128 3775 τῷ
1148 3710 1257 3773 παρα-

296 3788 460 3883 δοῖωτῆς
472 3782 630 3878 ἀγγελίας
644 3789 836 3876 ἐκπλαγείς,
856 3786 1069 3877 προπηδήσας
1089 3794 1148 3876 τῆς
1161 3794 1258 3877 βασι-
