3134 4367
521 441 798 505 ΣΤΡΑΤΗΙῚΚΟΣ,
814 442 875 494 ΛΑ.
894 443 952 495 ΛΒ.
1179 444 1220 506 43

557 612 824 685 ΚΕΦΑΛΑΙΟΝ
851 615 921 686 ΛΑ.

277 739 380 800 [ΠΕΡΙ
397 740 489 803 ΤΟΤ,
507 742 581 794 BAN
599 742 831 820 01ΕΝΑΝΤΙΟῙ
847 742 1117 795 ΠΡΟΤΕΡΕΥΩΣΙ
1133 743 1198 796 ΤΩΙ

331 824 498 890 mmm,
515 827 756 880 ΕΚΛΕΓΕΣΘΑΙ
771 828 948 881 ΣΤΕΝΟΤΣ
965 827 1142 889 ΤΟΠΟΤΣ.]

308 954 334 1015 1.
346 942 657 1033 Ἱπποκρατούντων
672 949 709 1018 δὲ
722 954 791 1018 τάν
806 955 986 1039 πολεμίων,
1003 948 1063 1019 ἐάν
1075 940 1100 1038 ᾖ
1114 955 1216 1018 δυνα-

251 1047 328 1135 τόν,
351 1051 557 1137 έπιλεγέσθω
571 1058 677 1141 χωρία
695 1054 818 1139 τραχέα
831 1054 887 1122 καί
900 1050 1002 1122 στενά
1013 1054 1070 1122 καὶ
1084 1048 1166 1140 παρ’
1180 1048 1216 1120 ὅ·
1226 1067 1260 1119 97

252 1177 306 1238 ρη,
321 1146 343 1217 ά
356 1148 465 1238 ἥκιστ’
480 1153 657 1241 ἱππάσιμα,
673 1149 695 1240 ἦ
709 1161 943 1242 φυγομαχείτω
961 1151 1045 1223 κατά
1061 1153 1218 1242 δύναμιν,

251 1255 317 1331 ἕως
345 1248 387 1320 άν
413 1256 622 1340 ἐπιτηδείους
649 1253 731 1344 εύρη
753 1255 878 1335 τόπους
904 1257 961 1325 καὶ
987 1271 1056 1336 τοϊς
1083 1263 1218 1336 οἰκείοις

250 1351 454 1444 ἁρμόζοντας
467 1354 642 1444 τάγμασιν.
675 1366 705 1426 2.
729 1355 989 1446 άπολελείφθων
1005 1359 1046 1427 δέ
1058 1386 1148 1439 τινες
1161 1360 1218 1428 καί

253 1458 308 1525 ἐπὶ
321 1463 381 1525 τοῦ
394 1456 537 1546 χάρακος
549 1464 585 1528 οί
595 1460 912 1548 παραφυλάττοντες
925 1457 987 1549 τὴν
1001 1458 1217 1549 παρεμβολὴν

252 1564 451 1648 στρατιῶται
477 1560 533 1629 καὶ
559 1559 643 1650 πρὸς
671 1560 734 1650 την
760 1567 818 1650 τῆς
841 1560 1028 1650 άποσκευῆς
1048 1561 1216 1650 φυλακήν,

251 1666 310 1730 ἵνα
323 1660 368 1750 μὴ
381 1662 587 1751 κατανοήσας
602 1657 620 1732 ὃ
634 1663 817 1754 στρατηγός
829 1669 898 1733 τεόν
911 1672 1080 1751 πολεμίων
1092 1672 1216 1752 ἔρημον

251 1760 334 1833 όντα
349 1766 463 1853 πέμψῃ
476 1762 555 1844 τούς
568 1762 821 1855 ἁρπασομένους
831 1765 875 1836 ’τά
887 1769 925 1837 έν
938 1763 1030 1860 αύτῷ
1042 1768 1098 1836 καί
1111 1793 1214 1837 κατα·

244 1867 463 1955 ,ληψομένους
477 1866 515 1937 τὸ
528 1876 661 1958 χωρίον.

551 2190 819 2262 ΚΕΦΑΛΑΙΟΝ
844 2191 912 2261 ΛΒ.

314 2314 417 2373 [ΠΕΡΙ
434 2314 511 2367 ΤΟΤ
528 2317 661 2371 ΜΗΔΕΝ
676 2316 1153 2372 HAPAKEKINATNETMENON

492 2400 625 2455 HOIEIN
641 2401 717 2454 TON
734 2398 977 2461 ZTPATHPOM

305 2548 332 2608 1.
357 2536 443 2619 Τοὺς
462 2538 525 2627 μὲν
546 2536 610 2628 γάρ
630 2536 708 2629 η’τά
722 2545 792 2609 ίδια
806 2543 1054 2628 καθαιρούντας
1067 2537 1214 2630 ἐρύματα

251 2639 457 2728 στρατηγούς
470 2638 491 2730 ἢ
504 2642 673 2733 ποταμούς
688 2648 924 2731 διαβαίνοντας
938 2637 961 2732 ἢ
975 2640 1144 2732 κρημνούς
1157 2642 1214 2711 καί

251 2742 409 2831 βάραθρα
427 2743 569 2814 κατόπιν
587 2746 810 2833 ποιουμένους
822 2747 891 2813 τῶν
904 2752 1042 2832 φιλίων,
1058 2739 1106 2813 ἵν’
1121 2738 1144 2832 ἢ
1157 2745 1213 2831 μέ-

250 2873 367 2926 νοντες
375 2852 514 2916 νικῶσιν
526 2842 549 2936 ἢ
561 2850 787 2938 βουληθέντες
795 2845 936 2935 φεύγειν
944 2843 1145 2931 άπόλωνται,
1154 2841 1213 2916 ού-

250 2974 286 3016 τε
294 2947 434 3036 πάμπαν
443 2952 594 3022 ἐπαινεῖν
602 2950 680 3023 ούτε
689 2951 807 3040 ψέγειν
815 2956 895 3040 ἔχω·
910 2945 1049 3038 πάνγάρ
1058 2946 1094 3016 τδ
1104 2972 1211 3036 παρα-

250 3054 557 3140 κεκινδυνευμένον
568 3062 671 3131 μᾶλλον
684 3053 807 3142 τόλμης
821 3052 912 3122 ἐστὶν
925 3047 946 3141 η’
958 3048 1090 3140 γνιόμης
1104 3050 1159 3119 καὶ
1172 3053 1213 3138 τῇ

250 3152 334 3243 τύχη
359 3153 583 3244 κεκοινώνηκε
604 3163 722 3225 πλεῖον
736 3151 758 3244 ἢ
772 3159 814 3245 τῇ
827 3162 944 3245 κρίσει.
970 3162 999 3221 2.
1016 3149 1102 3222 ὅπου
1114 3145 1214 3240 γὰρῆ

249 3262 398 3325 νικῶντα
413 3261 468 3326 δεῖ
478 3252 643 3345 κρατεῖνῆ
651 3253 839 3347 ἡττηθέντα
847 3274 915 3337 τοῖς
929 3253 1018 3337 ὅλοις
1032 3252 1212 3342 ἐσφάλθαι,

249 3362 321 3438 πῶς
334 3355 476 3427 ἐνταῦθ’
501 3357 544 3428 άν
562 3386 613 3439 τις
633 3354 654 3446 ἢ
675 3359 835 3448 φρονήσει
856 3358 893 3429 τὸ
906 3363 1006 3428 νικᾶν
1021 3350 1042 3446 ἦ
1057 3358 1212 3446 προαιρέ-

250 3480 302 3529 σει
316 3458 352 3528 τό
366 3455 530 3548 ἡττᾶσθαι
544 3461 804 3550 μαρτυρησειευ;
826 3470 855 3531 3.
870 3459 935 3548 έγοδ
950 3460 987 3530 δὲ
998 3456 1213 3549 στρατιάταις

248 3562 312 3650 μέν
335 3565 372 3631 έκ
400 3561 644 3651 στρατεύματος
670 3562 879 3652 φιλοπόλμως
905 3559 1118 3631 κινδυνεύειν
1141 3561 1213 3629 ἐπι-

248 3664 409 3754 τρεπτέον
430 3664 517 3735 είναι
541 3673 662 3755 νομίζω
679 3706 726 3718 -
741 3661 881 3756 καὶγὰρ
902 3662 1057 3753 δρῶυτὲς
1068 3688 1105 3727 τι
1118 3668 1282 3741 ffissffl

238 3763 379 3852 άνησαν
396 3770 456 3839 καὶ
474 3767 652 3855 παθόντες
676 3767 790 3846 ούθὶυ
804 3770 979 3843 τοσοῦτον
998 3757 1183 3841 &ww
1203 3781 1276 3822 ’Ἴ
