3134 4367
653 448 880 508 -EBAOMON
1194 443 1253 509 165

293 642 364 709 σις,
380 628 415 692 οἳ
427 618 517 690 πάνυ
531 614 713 708 ἀλγοῦντες
734 622 788 690 ἐπὶ
808 627 849 708 τῇ
863 616 1083 707 Ἀλεξάνδρου
1103 626 1253 711 τελευτῇ,

294 724 530 814 περιτυχόντες
549 730 617 793 τόν
630 719 695 794 ἀπό
716 719 875 804 ὑπατείας
897 724 953 792 καὶ
974 729 1083 811 φίλων
1099 720 1254 807 Ἀλεξάν-

295 835 381 917 δρου
408 834 479 897 τινί
495 830 698 917 (Κυαρτίνος
723 826 762 896 δὲ
788 818 830 916 ἦν
855 823 979 916 όνομα,
1001 821 1041 896 δν
1067 829 1253 915 Μαξιμῑνος

296 932 466 1019 ἐκπέμψας
485 919 529 1017 ἦν
553 937 614 999 τοῦ
641 936 799 1018 στρατοῦ)
822 925 1030 1020 ἁρπάσαντες
1049 926 1174 999 ἀκοντα
1196 931 1253 999 καὶ

265 1063 279 1103 ι
296 1032 400 1105 οῦδὲν
412 1032 592 1124 προειδότα
600 1032 787 1123 στρατηγόν
801 1035 931 1103 ἑαυτόν
944 1034 1159 1121 κατέστησαν,
1169 1058 1254 1117 πορ-

295 1139 392 1230 φῦρρι
405 1164 442 1205 τε
462 1138 519 1205 καί
535 1138 618 1226 πυρὶ
634 1136 924 1227 προπομπεύουτι,
944 1134 1115 1226 ὀλεθρίοις
1135 1150 1253 1223 τιμαῖς,

294 1240 501 1329 ἐκόσμησαν,
516 1242 574 1309 ἐπί
589 1267 625 1309 τε
638 1239 699 1329 τὴν
712 1236 818 1330 ἀρχὴν
833 1230 916 1328 ἦγον
932 1235 974 1309 οῦ
987 1268 1021 1309 τι
1038 1238 1253 1330 βουλόμενον.

295 1347 422 1425 ἐκεῖνος
434 1332 553 1431 μὲν
510 1370 574 1412 ουν
583 1345 674 1412 ἐν
634 1370 674 1434 τη
687 1364 794 1434 σκηνη
780 1342 985 1413 καθεύδων
999 1342 1256 1468 ἑπιχδουλευθείς
1269 1357 1303 1409 10

293 1448 429 1537 νύκτωρ
443 1451 622 1551 αἰφνιδίως
640 1442 832 1537 ἀνῃρέθη
813 1444 881 1515 υπὸ
896 1454 955 1515 τοῦ
977 1447 1140 1527 συνόντος
1162 1442 1254 1536 αὐτῷ

255 1578 280 1618 ιο
295 1552 354 1622 καί
376 1541 557 1630 δοκοῦντος
581 1557 703 1638 φίλου,
725 1556 795 1618 τόν
821 1576 857 1618 τε
878 1546 1070 1639 Ὀσροηυῦν
1090 1549 1256 1671 πρότερον

293 1651 487 1744 ηγουμένου
497 1644 718 1737 (Μακεδνὸν
697 1681 741 1741 ην
754 1648 859 1778 ὄνομα
875 1650 991 1744 αὐτῷ),
1002 1659 1161 1722 καίτοι
1122 1681 1180 1741 της
1194 1646 1256 1737 ἀρ-

294 1764 404 1847 παμῇς
422 1757 538 1824 καὶ
498 1784 556 1843 της
577 1753 789 1836 ἀποστάσεως
809 1752 956 1844 ἀρχηγοῦ
976 1772 1045 1837 τοῖς
1065 1754 1257 1844 Ὀσροηυοῑς

294 1861 496 1950 γενομένου·
518 1855 555 1939 ὃς
574 1856 737 1947 οὐδεμίαν
762 1864 874 1929 αἰτίαν
893 1866 1015 1950 ἔχθρας
1040 1856 1257 1948 οῦτεμίσους

294 1972 382 2051 ἔχων
395 1959 591 2032 ἀπέκτεινεν
611 1959 711 2043 αῦτδς
730 1958 771 2033 δν
790 1958 920 2051 ἥρπασέ
934 1990 969 2031 τε
990 1965 1047 2033 καί
1069 1960 1255 2045 ἀνέπεισεν,

253 2092 277 2133 ιο
294 2065 446 2155 οίόμενός
459 2093 495 2135 τε
515 2062 642 2155 μεγάλα
659 2074 852 2155 χαρίζεσθαι
866 2072 911 2159 τῷ
925 2070 1105 2160 Μαξιμίυω
1121 2064 1183 2154 τὴν
1197 2090 1256 2133 κε-

295 2167 408 2260 φαλὴν
417 2166 593 2256 ἀποτεμων
602 2170 764 2259 ἐκόμισεν.
778 2165 798 2240 δ
812 2170 848 2240 δὲ
863 2166 953 2259 ἥσθη
967 2172 1090 2260 μὲνέπδ
1102 2176 1148 2262 τῷ
1158 2175 1256 2258 ἔργῳ,
1271 2183 1304 2235 11

294 2274 471 2362 στερηθείς
485 2273 523 2342 δὲ
540 2280 719 2361 πολεμίου,
734 2270 779 2354 ῦς
795 2271 893 2367 ᾤετο,
909 2277 1039 2344 ἐκεῖνον
1052 2276 1131 2363 μέν,
1147 2278 1256 2341 καίτοι

294 2375 423 2467 μεγάλα
450 2379 622 2459 ἐλπίζοντα
648 2379 705 2446 καὶ
728 2382 894 2447 δοκοῦντα
921 2375 1061 2467 ἀμοιβῆς
1086 2376 1255 2464 ἐξαιρέτου

294 2480 489 2567 τεύξεσθαι,
503 2475 699 2550 ἀπέκτεινεν
712 2476 757 2561 ῦς
779 2482 836 2549 καὶ
850 2487 908 2567 τῆς
923 2478 1136 2557 ἀποστάσεως
1156 2501 1255 2564 γεγο-

252 2607 280 2648 m
295 2582 378 2653 νότα
390 2578 538 2671 ἀρχηγόν
551 2585 607 2652 καὶ
617 2580 861 2652 ἀποκτείναντα
874 2579 915 2650 δν
927 2580 1028 2661 αῦτδς
1038 2578 1161 2649 ἀκοντα
1176 2574 1255 2646 ἀνέ-

294 2706 427 2773 πεισεν,
443 2683 583 2756 ἀπιστόν
598 2712 634 2754 τε
647 2684 832 2774 γενόμενον
844 2686 921 2771 περὶ
936 2684 996 2754 τόν
1006 2690 1117 2772 φίλον.

399 2796 548 2859 τοιαῦται
562 2789 624 2877 μὲν
641 2788 684 2876 δή
698 2815 787 2868 τινες
802 2793 905 2856 αίτίαι
925 2794 973 2857 ἔτι
987 2794 1115 2877 μᾶλλον
1128 2788 1162 2866 ἐς
1173 2811 1255 2874 τρα-
1271 2806 1305 2860 12

295 2889 421 2981 χῦτητα
444 2892 501 2962 καί
522 2889 674 2981 ὠμότητα
696 2887 866 2980 ἠκόνησαν
889 2890 950 2979 τὴν
973 2898 1034 2960 τοῦ
1060 2893 1255 2978 Μαξιμίνου

294 2995 423 3085 ψυχήν,
437 2994 671 3085 καὶπρότερον
687 2992 775 3065 οὕτω
790 3011 993 3083 πεφυκυῖαν.
1020 2985 1063 3083 ἦν
1074 2993 1111 3062 δὲ
1125 2993 1182 3062 καί
1195 2989 1257 3080 την

253 3132 280 3173 ιι
295 3096 378 3181 ὄψιν
391 3098 640 3188 φοβερώτατος,
654 3101 711 3168 καί
727 3102 880 3187 μέγιστος
894 3098 931 3169 τδ
945 3105 1054 3187 σῶμα,
1078 3092 1122 3177 ῦς
1134 3094 1179 3186 μὴ
1194 3099 1256 3187 ρᾳ-

295 3208 378 3283 δίως
404 3199 495 3295 αὐτῷ
519 3200 594 3271 τινά
613 3202 695 3291 μήτε
707 3199 875 3290 Ἑλλήνων
898 3209 966 3272 τῦν
987 3199 1256 3289 σωμασκούντων

288 3305 378 3395 ’μήτε
390 3305 574 3395 βαρβάρων
586 3312 655 3374 νῦν
668 3304 909 3393 μαχιμωτάτων
923 3309 1126 3387 ἐξισοῦσθαι.

400 3408 571 3496 διοικήσας
580 3406 667 3478 δδτόι
676 3410 911 3497 προειρημένα,
920 3408 1028 3478 πάντα
1037 3434 1073 3477 τε
1082 3405 1143 3477 τόν
1152 3425 1254 3493 στρα-
1269 3410 1289 3470 2

294 3509 356 3581 τόν
364 3506 1257 3601 ἀναλαβῦν,καὶδιαβόιςἀφόβωςτηνγέφυραν,είχετοι
1238 3530 1304 3565 τοι

256 3639 281 3681 ιο
296 3621 354 3703 τῆς
368 3612 453 3701 πρὸς
471 3611 549 3695 τοῦς
560 3612 757 3703 Γερμανούς
771 3613 887 3706 μάχης.
923 3618 1009 3707 μεήα
1028 3616 1068 3685 δὲ
1085 3640 1122 3681 τι
1138 3615 1279 3690 πλάδος

284 3718 345 3782 καί
356 3714 518 3800 σχεδόν
490 3740 629 3789 απασαν
647 3746 714 3811 την
723 3716 906 3815 Ρωμαίων
926 3723 1085 3811 δύναμιν
1100 3735 1171 3783 ῦυυ
1186 3702 1308 3784 ἓοωῒῑθ

268 3812 445 3904 ἒὼίίῑῐίό,
461 3827 719 3917 Μαυρουσίων
732 3858 776 3906 τε
793 3827 1031 3908 ἀκοντιστῶν
1047 3807 1214 3914 οιιμδίθδ)υ
1233 3820 1340 3879 W*
