3134 4367
679 420 823 479 ΕΚΤΟΝ
1185 420 1244 481 155

281 620 347 679 τος,
362 591 420 658 καὶ
433 588 574 678 μάλιστα
586 596 654 659 τῶν
667 587 861 679 Ἰλλυρικῶν
875 597 1099 681 στρατιωτῶν,
1109 588 1244 687 οἳύγρῳ

281 697 338 765 καὶ
356 700 513 785 χειμερίῳ
535 689 609 781 ἀέρι
631 696 856 781 ἐνειθισμένοι
878 692 1007 785 τροφάς
1029 720 1065 762 τε
1089 704 1244 778 πλείονας

282 798 445 886 συνήθως
466 796 696 886 εἰσφερόμενοι
716 804 867 884 χαλεπῶς
886 803 1066 878 νοσοῦντες
1088 804 1243 888 διεφθεί-

281 928 393 989 ροντο,
404 904 605 969 ἐπανελθεῖν
618 928 653 970 τε
667 904 700 980 ἐς
712 905 775 988 τήν
792 898 994 989 Ἀντιόχειαν
1009 902 1242 991 ἐβουλεύσατο,

255 1005 342 1073 οκαὶ
359 1006 491 1092 πέμψας
513 1002 572 1073 τόν
592 1007 629 1072 ἐν
647 1009 769 1095 Μηδίῳ
788 1003 931 1093 στρατὸν
951 1007 1152 1075 ἐπανελθεῖν
1171 1008 1244 1074 ἐκέ-

280 1117 412 1178 λευσεν.
466 1110 591 1187 ἐκεῖνος
608 1107 670 1195 μὲν
690 1103 708 1177 ὁ
724 1105 862 1195 στρατός
877 1105 1024 1177 ἐπανιῶν
1039 1116 1191 1188 πλεῖστος
1206 1111 1243 1178 ἐν
1258 1130 1276 1182 3

280 1227 350 1290 τοῖς
363 1206 458 1298 όρεσι
474 1210 661 1299 διεφθάρη,
685 1211 741 1279 καὶ
754 1206 1079 1299 ήκρωτηριάσθησαν
1095 1208 1158 1281 ούκ
1173 1209 1246 1282 όλί·

281 1342 335 1402 γοι
350 1316 388 1382 έν
402 1315 608 1405 δυσχειμέρῳ
622 1312 730 1405 χῶροι,
746 1309 792 1393 ῶς
805 1310 940 1401 ὀλίγους
954 1313 1045 1382 πάνυ
1059 1318 1096 1383 ἐκ
1111 1322 1245 1384 πολλῶν

282 1420 499 1487 ἐπανελθεῖν·
514 1414 551 1486 τό
566 1417 604 1485 δέ
618 1414 683 1485 σὺν
698 1413 788 1508 αύτῷ
804 1413 965 1504 πλήθοςό
982 1414 1198 1508 Ἀλέξανδρος
1212 1421 1246 1499 ἐς

247 1555 268 1595 1⁰
284 1518 346 1608 τήν
365 1516 571 1607 Ἀντιόχειαν
592 1519 797 1608 ἐπανήγαγε,
823 1527 956 1589 πολλῶν
985 1522 1042 1589 καὶ
1063 1524 1095 1603 ἐξ
1117 1524 1246 1609 ἐκείνης

282 1630 341 1711 τής
353 1629 473 1712 μοίρας
487 1619 725 1709 ἀπολωλότων,
750 1618 794 1702 ῶς
814 1629 973 1711 μεγίστην
994 1626 1144 1711 ἐνεγκεῖν
1161 1631 1246 1693 δυσ-

283 1732 416 1815 θυμίαν
428 1734 474 1819 τῷ
488 1733 618 1818 στρατῷ
631 1728 687 1795 καί
703 1722 910 1817 Ἀλεξάνδρῳ
926 1723 1074 1813 ἀδοξίαν,
1085 1730 1245 1815 σφαλέντι

283 1830 341 1899 καὶ
353 1828 471 1919 γνῶμη
480 1831 537 1898 καὶ
550 1828 643 1919 τύχη,
658 1830 715 1898 καὶ
730 1835 798 1897 τῶν
812 1836 916 1917 τριῶν
929 1836 1056 1918 μοιρῶν
1068 1838 1129 1900 τοῦ
1145 1854 1246 1921 στρα-

284 1940 345 2003 τοῦ
360 1922 410 2000 ῶν
424 1939 534 2021 ἔνειμε
547 1930 584 2002 τό
593 1941 750 2001 πλεῖστον
759 1929 964 2020 ἀποβαλόντι
975 1932 1150 2024 διαφόροις
1160 1957 1247 2024 συμ-

247 2070 269 2110 15
285 2050 423 2125 φοραῖς,
438 2034 527 2129 νόσῳ
542 2038 674 2128 πολέμῳ
689 2034 795 2125 κρύει.
1190 2103 1194 2109 .

387 2138 567 2227 γενόμενος
577 2138 659 2208 δέἐν
672 2146 712 2228 τῇ
728 2134 937 2230 Ἀντιοχείῳὸ
954 2135 1168 2229 Ἀλέξανδρος
1181 2137 1245 2209 αύ-
1263 2158 1280 2211 4

284 2241 339 2323 τός
352 2269 389 2311 τε
404 2245 528 2333 ῥαδίως
542 2241 738 2330 ε’περρῶσθη
760 2249 806 2335 τῳ
822 2238 964 2330 εύψυχεῖ
974 2243 1030 2311 καλ
1044 2239 1176 2335 ἐνύδρῳ
1191 2250 1248 2332 τής

285 2345 414 2425 πόλεως
426 2343 508 2433 μετά
523 2342 582 2414 τὸν
595 2348 632 2413 ἐν
644 2351 889 2436 Μεσοποταμία
900 2342 1002 2434 ξηρόν
1016 2342 1155 2433 αύχμόν,
1169 2346 1248 2426 τούς

285 2476 321 2518 τε
337 2447 540 2536 στρατιῶτας
554 2444 731 2535 ἀνεκτᾶτο,
746 2450 803 2517 καὶ
825 2445 880 2536 ἐφ’
902 2444 951 2529 οἷς
970 2448 1156 2535 λελύπηντο
1182 2475 1247 2516 πα·

246 2580 271 2621 νο
286 2562 469 2641 ρεμυθεῖτο
483 2557 716 2642 μεγαλοδωρίηι
728 2550 920 2639 χρημάτων·
942 2557 1040 2619 τούτο
1059 2541 1122 2638 γάρ
1143 2549 1248 2637 μόνον

284 2658 319 2735 ἐς
335 2651 470 2734 εὐνοίας
484 2652 667 2741 ἀνάκτησιν
680 2658 892 2741 στρατιωτῶν
915 2651 1042 2739 ἐνόμιζε
1059 2651 1246 2739 φάρμακον.
1350 2743 1353 2749 Ι

285 2757 435 2846 δύναμίν
452 2786 488 2826 τε
505 2754 641 2847 ήθροιζε
659 2758 716 2826 καὶ
737 2754 984 2845 παρεσκεύαζεν
1005 2751 1050 2836 ῶς
1076 2753 1117 2842 δή
1146 2754 1247 2825 πάλιν

286 2860 418 2943 ἐπάξων
446 2863 607 2949 Πέρσαις,
636 2865 667 2928 εί
692 2862 861 2947 ἐνοχλοῖεν
885 2860 941 2927 καί
968 2856 1012 2946 μή
1040 2854 1245 2947 ήσυχάζοιεν.

286 2960 511 3053 ἀπηγγέλλετο
527 2965 564 3033 δὲ
581 2964 637 3031 καὶ
651 2959 668 3031 ό
684 2965 817 3051 Πέρσης
834 2960 938 3042 λύσας
952 2960 1015 3049 τήν
1030 2962 1176 3050 δύναμιν
1189 2965 1246 3032 καὶ
1261 2990 1278 3042 5

246 3103 270 3143 π
287 3066 446 3148 ἑκάστους
461 3070 494 3147 ἐς
507 3065 547 3135 τά
565 3068 695 3136 ἑαυτῶν
710 3063 917 3155 ἀποπέμψας.
946 3071 977 3135 εί
990 3063 1053 3155 γάρ
1067 3068 1124 3135 καὶ
1138 3070 1174 3136 ἐκ
1187 3073 1248 3136 τοῦ

285 3176 477 3260 κρείττονος
490 3165 668 3258 ὑπέρτεροι
681 3168 824 3239 ἐδόκουν
844 3176 1047 3258 γεγενῆσθαι
1067 3174 1103 3237 οί
1119 3168 1248 3258 βάρβα-

286 3300 359 3361 ροι,
382 3271 472 3360 πλήν
494 3269 582 3361 ὅμως
604 3273 827 3363 ἐτετρύχωντο
850 3275 921 3353 ταῖς
943 3300 979 3341 τε
1004 3270 1087 3341 κατά
1106 3279 1248 3361 Μηδίαν

285 3375 448 3456 πολλάκις
475 3378 669 3465 γενομέναις
702 3384 886 3464 συμβολαῖς
912 3381 952 3464 τή
980 3402 1015 3443 τε
1042 3378 1079 3443 ἐν
1107 3385 1248 3467 Παρθίᾳ

286 3478 392 3569 μάχη,
407 3487 542 3549 πολλῶν
559 3478 621 3566 μὲν
633 3478 805 3548 πεσόντων
820 3486 1055 3567 παμπλείστων
1073 3479 1111 3547 δὲ
1125 3507 1248 3567 τετρω-

249 3612 272 3654 ω
287 3583 410 3672 μένων.
438 3579 479 3651 ού
494 3582 558 3671 γάρ
573 3579 747 3670 ἀνάνδρως
761 3586 796 3650 οί
806 3577 957 3669 Ῥωμαῖοι
967 3577 1170 3669 ἡττήθησαν,
1187 3577 1248 3648 άλ-

288 3684 331 3754 λά
349 3688 407 3754 καὶ
428 3684 526 3756 αύτολ
545 3682 624 3765 τοὺς
645 3691 824 3773 πολεμίους
843 3683 918 3753 ἐσθ’
942 3680 1008 3775 ὅπη
1028 3684 1247 3767 κακώσαντες,

287 3787 379 3882 παρά
392 3796 492 3860 τοῦτο
506 3791 543 3859 δὲ
557 3785 758 3877 ἀπολόμενοι
765 3783 847 3881 παρ’
864 3783 945 3859 ὅσον
960 3786 1088 3877 πλήθει
1101 3783 1266 3863 ἐλάττους
