3134 4367
340 412 398 477 162
750 414 896 475 ΕΚΤΟΝ

336 588 393 656 καὶ
405 594 594 673 πολεμικοῖς
607 591 716 674 ἐργοις
730 586 926 677 διητημέυμ,
937 584 1130 665 πεισθέντες
1143 587 1179 655 oc
1188 605 1290 675 στρα-

335 696 449 759 τιῶται
462 687 523 759 τὸν
542 689 604 778 μέν
618 684 836 776 Ἁλέξανδρον
850 687 1173 776 κυταλιμπόυουσιν,
1194 685 1290 759 αὐτοὶ

336 793 375 862 δέ
388 800 543 883 προσίασι
555 797 601 884 τῷ
615 794 810 885 Μαξιμίνῳ,
827 788 1043 881 αὐτοκράτωρ
1064 819 1099 861 τε
1120 788 1190 861 ὑπὸ
1204 791 1290 862 πόν-

307 906 403 965 6των
423 899 548 977 ἐκεῖνος
565 892 813 984 ἀναγορεύεται.
844 890 862 963 5
883 895 921 963 δέ
936 892 1148 986 Ἀλέξανδρος
1161 898 1291 985 τρέμων

334 1000 391 1069 καλ
406 1005 602 1087 λιποψυχῶν
614 999 709 1087 μόλις
721 1002 754 1079 ἐς
771 995 834 1086 τὴν
847 996 976 1086 σκηνὴν
995 1000 1226 1087 ἐπανέρχεται·
1250 1004 1288 1088 τῇ
1304 1014 1315 1053 ⁶

334 1129 370 1171 τε
383 1104 483 1192 μητρὶ
504 1108 734 1192 περιπλακείς,
754 1103 811 1170 καὶ
833 1097 877 1181 τός
897 1123 1017 1189 φασιν,
1038 1098 1292 1192 ἆποδυρόμευός

334 1207 440 1275 τεκαὶ
453 1204 646 1293 αίτιοόμενος
659 1201 710 1274 ὅτι
731 1201 777 1274 δι’
794 1207 927 1292 ἐκείνην
939 1212 1043 1273 ταῦτα
1057 1203 1192 1293 πάσχει,
1214 1202 1292 1274 ἀνί-

334 1335 414 1396 μενε
435 1307 496 1378 τόν
514 1305 734 1397 φονεύσοντυ.
775 1304 794 1377 5
820 1307 857 1377 δέ
876 1310 1063 1396 Μαξιμϊνος
1082 1303 1148 1377 ὑπὸ
1168 1305 1292 1389 παντὸς

334 1418 396 1481 τοῦ
410 1435 552 1500 στρατου
537 1409 725 1500 σεβαστός
734 1413 1019 1502 προσαγορευθείς
1030 1412 1151 1535 πέμπει
1160 1410 1291 1536 χιλιάρ-

335 1542 399 1602 χην
427 1510 666 1604 ἑκατοντάρχας
692 1516 730 1584 τέ
754 1541 846 1594 τινας
872 1512 951 1594 τούς
976 1514 1206 1603 φουεόοοντας
1232 1512 1290 1584 τδυ
1306 1532 1327 1571 ¹⁰

331 1614 550 1709 Ἀλέξανδρον
563 1616 674 1688 καὶ
638 1645 701 1706 την
714 1620 838 1707 μητέρα
854 1619 911 1687 καὶ
932 1627 966 1687 εί
981 1645 1068 1703 τινες
1087 1615 1291 1687 ἀνθίσταντο

306 1734 322 1788 7
338 1727 406 1790 τῶν
419 1719 484 1791 συν
497 1718 597 1814 αὐτῷ.
651 1730 687 1792 οἳ
697 1718 765 1791 δέ’
746 1719 945 1809 αφικόμευοι
959 1723 1015 1789 καὶ
1029 1720 1291 1851 ἐπιπηδήσαντες

335 1830 376 1912 τῇ
389 1831 495 1913 σκηνῇ
516 1822 620 1895 αυτόν
635 1852 670 1895 τε
686 1820 863 1913 ἀναιροῦσι
883 1822 996 1893 καλ
962 1852 1023 1912 την
1038 1826 1164 1914 μητέρα
1184 1824 1244 1893 καὶ
1263 1832 1295 1893 εί

335 1954 423 2006 τινες
445 1927 586 1996 ἐδόκουν
613 1932 732 2018 ἐκείνην
758 1932 851 2013 φίλοι
879 1928 937 1995 καὶ
962 1934 1079 2015 τίμιοι,
1108 1925 1197 2015 πλὴν
1225 1933 1292 1997 τῶν

335 2027 419 2117 πρὸς
434 2025 549 2117 ὀλίγον
564 2046 688 2119 φυγεῖν
700 2024 722 2116 ἢ
735 2038 855 2098 λαθεῖν
872 2033 1108 2119 δυνηθέντων,
1129 2026 1189 2111 οὓς
1204 2030 1289 2101 πόν-
1308 2054 1329 2094 ¹⁵

336 2160 392 2213 τας
405 2128 477 2220 μετ’
494 2128 535 2201 οὐ
550 2132 636 2203 πολὺ
646 2134 835 2220 Μαξιμῖυος
848 2133 1026 2223 συλλαβών
1036 2133 1241 2204 ἀπέκτεινεν.

306 2260 324 2312 8
438 2236 531 2315 τέλος
543 2236 605 2323 μέν
624 2234 666 2326 δὴ
681 2242 813 2306 τοιοῦτο
827 2238 987 2326 κατέλαβε
1001 2235 1060 2307 τὸν
1076 2233 1293 2327 Ἀλέξανδρον

287 2339 424 2428 ρχῆξξικαέ
441 2336 502 2425 τὴν
527 2341 668 2430 μητέρα,
682 2337 925 2429 βασιλεύσαντα
947 2347 1033 2410 ἔτεσι
1057 2346 1294 2429 τεσσαρεσκαί-

301 2438 347 2534 ⁶¹“J
362 2446 454 2530 δεκα,
464 2437 546 2512 ὅσον
554 2440 721 2533 πρδςτοδς
727 2438 939 2531 ἀρχομένους,
950 2440 1124 2532 ἀμέμπτως
1133 2446 1189 2513 καὶ
1197 2440 1295 2513 ἄναι-

303 2599 313 2610 ,
338 2552 437 2632 μοιτί·
452 2545 569 2635 φόνων
582 2573 617 2616 τε
631 2546 695 2639 γδιρ
716 2548 773 2615 καὶ
794 2542 959 2635 ὠμότητος
973 2544 1120 2635 ἀκρίτων
1133 2575 1169 2616 τε
1183 2553 1293 2636 ἔργων
1309 2574 1333 2613 ιο

338 2646 508 2740 ἀλλότριος
522 2652 669 2739 ἐγένετο,
693 2658 726 2730 ἐς
746 2676 782 2719 τε
802 2648 839 2719 τό
859 2650 1104 2740 φιλάνθρωπον
1123 2652 1180 2719 καὶ
1196 2647 1294 2739 εὐερ-

338 2752 557 2843 γετικότερον
576 2752 765 2843 ἐπιρρεπής.
812 2753 902 2822 πάνυ
928 2762 1013 2879 γοῦν
1034 2749 1076 2823 δυ
1096 2750 1117 2841 ἡ
1139 2752 1294 2836 Ἀλεξάν-

339 2861 424 2945 δρου
444 2862 596 2944 βασιλεία
616 2854 837 2981 εόδρκίμησεν
863 2856 947 2936 ἐς
915 2884 952 2925 το
978 2853 1179 2948 ὁλόκληρον,
1202 2855 1295 2945 είμὴ

339 2959 532 3046 διεβέβλητο
545 2955 636 3053 αὐτῷ
649 2956 689 3028 τδι
700 2965 757 3046 τῆς
765 2956 889 3049 μητρὸς
902 2961 935 3039 ἐς
949 2967 1176 3051 φιλαργυρίαν
1188 2988 1226 3031 τε
1239 2962 1294 3030 καὶ

340 3067 565 3152 μικρολογίαν.
1309 3088 1330 3117 ι

504 3372 773 3437 ΒΙΒΛΙΟΝ
815 3376 1127 3441 ΕΒΔΟΜΟΝ.

447 3576 520 3640 Τίνι
545 3571 608 3660 μὲν
634 3579 698 3667 βίῳ
720 3571 935 3666 Ἀλέξανδρος
960 3573 1120 3665 ἐχρήσατο
1145 3579 1233 3647 τέλει
1259 3604 1294 3646 τε
1309 3604 1334 3646 εο

342 3668 447 3767 ὁποίῳ
474 3675 672 3764 βασιλεύσας
698 3681 782 3747 ἐτεόν
813 3684 1127 3770 τεσσαρεσκαίδεκα,
1162 3683 1200 3750 ἐν
1226 3695 1294 3761 τοῖς

257 3841 269 3880 ρ
334 3781 593 3872 προειρημένοις
618 3782 844 3874 ἐδηλώσαμεν·
876 3780 893 3853 5
918 3783 955 3853 δὲ
975 3786 1162 3873 Μαξιμϊνος
1185 3811 1294 3877 παρα-
