3134 4367
336 455 378 517 46
694 450 947 506 οαοεεααεοτ

336 630 522 716 βουλεῦσαί
530 651 562 695 τι
575 639 727 713 κρεῖττον
739 621 802 693 ούκ
816 622 923 705 άλλος.
953 634 983 694 2.
1004 621 1109 714 όνπερ
1124 621 1154 695 δ’
1168 623 1215 697 όν
1225 627 1299 716 τρό-

335 754 411 816 πον,
427 735 457 798 εἰ
470 726 675 816 κυβερνήτης
688 725 868 815 ἀφειμένος
880 732 949 796 τόν
961 726 1104 817 οἰάκων,
1118 726 1142 799 δι’
1155 729 1298 810 διττούς

335 830 459 910 ναύτας
479 846 606 916 ποιεῖν,
628 827 728 910 αὐτός
747 828 903 918 πράττοι,
925 830 1143 902 κινδυνεύειν
1156 828 1202 920 άν
1216 851 1296 920 συμ·

334 942 414 1023 βαίη
437 932 474 1002 τό
494 931 641 1020 σκάφος,
662 937 800 1018 τοῦτον,
825 938 856 1000 εἰ
870 930 1052 1021 στρατηγός
1077 931 1297 1015 άποστάςτοό

277 1065 324 1117 101
334 1036 450 1124 γνάμη
469 1061 502 1103 τι
519 1033 697 1124 βουλεύειν
720 1035 775 1103 έπί
797 1032 856 1114 τόις
874 1039 944 1104 τοῖν
965 1041 1183 1123 στρατιωτῶν
1193 1064 1294 1107 κατα-

333 1146 444 1227 βαίνοι
476 1144 604 1226 χρείας,
636 1132 657 1224 ἡ
690 1142 758 1205 τῶν
789 1132 879 1206 όλιον
905 1133 1134 1227 ἀκυβέρνητος
1160 1136 1296 1227 άμέλεια

332 1239 395 1329 τὴν
426 1236 690 1328 άναγκαιοτέραν
727 1236 901 1325 άπρακτον
941 1239 1073 1327 ποιησει
1120 1241 1294 1330 βοήθειαν.

332 1352 361 1413 3.
373 1340 491 1429 όμοιου
505 1339 546 1429 δὴ
559 1349 664 1430 κρίνω
678 1338 738 1409 τόν
747 1337 934 1428 στρατηγόν
944 1343 1246 1431 έμπαραβαλίσθαι
1256 1348 1296 1433 ιη’

331 1447 452 1515 ἑαυτοῦ
470 1447 560 1531 ψυχῇ
581 1452 670 1510 τοῦτο
688 1446 736 1536 τῷ
750 1445 809 1530 τῆς
824 1442 1017 1531 συμπάσης,
1041 1450 1072 1513 εἰ
1085 1452 1241 1541 πείσεταί
1252 1473 1293 1533 τι,

332 1544 507 1633 δυνάμεως
527 1542 682 1632 άκηδείν·
705 1551 736 1615 εἰ
754 1543 837 1634 γάρ,
861 1548 899 1614 ἐν
922 1535 1034 1614 οἶτού
1053 1542 1249 1635 σύμπαντος
1274 1544 1295 1637 ἡ

331 1656 477 1737 σωτηρία
497 1646 741 1735 στρατεύματός
762 1650 871 1734 ἐστιν,
891 1672 988 1727 ουτος
1007 1645 1113 1717 οὐδὲν
1126 1655 1158 1719 εἰ
1170 1648 1292 1739 τεθνη·

329 1755 420 1836 ξεται
433 1749 677 1840 πεφρόντικεν,
703 1747 741 1818 τό
760 1752 830 1817 τιᾶυ
848 1753 989 1839 αἱρεῖται
1014 1756 1293 1843 συνδιαφθεῖραι,

329 1857 386 1923 καί
399 1851 512 1944 ὀρθῶς
534 1850 568 1923 δ’
589 1850 633 1921 άν
652 1878 703 1931 τις
719 1851 903 1922 αἰτιάσαιτο
922 1853 1042 1923 τούτου
1061 1849 1105 1934 ὡς
1120 1853 1293 1946 ἄπρακτον

328 1953 515 2043 στρατηγόν
533 1958 660 2043 μάλλον
680 1949 701 2042 ἢ
720 1951 888 2042 ἀνδρείου.
921 1964 950 2024 4.
972 1949 990 2022 ὃ
1016 1954 1080 2042 μὲν
1100 1955 1168 2047 γὰρ
1187 1956 1292 2027 πολλὰ

327 2055 444 2144 γνώμη
464 2058 691 2143 στρατηγήσας
709 2054 954 2144 άρκεσθησεται
974 2058 1225 2149 σεμνυνόμενος
1238 2062 1291 2131 ἐπὶ

326 2172 399 2237 ταῖς
416 2154 481 2227 άπὸ
501 2160 609 2243 ψυχῆς
629 2153 842 2244 εὐπραγίαις,
863 2156 953 2240 ὅστις
975 2157 1006 2228 δ’
1022 2157 1131 2242 οὕτως
1154 2160 1289 2253 ἄπειρό-

327 2258 425 2340 καλός
439 2262 540 2347 ἐστιν,
556 2255 630 2327 ὥστ’
645 2255 699 2345 όν,
714 2265 745 2328 εἰ
757 2257 802 2347 μὴ
818 2259 873 2330 διὰ
885 2260 991 2349 μάχης
1005 2270 1052 2343 εἰς
1064 2279 1181 2354 χεῖρας
1195 2259 1289 2336 ἔλθοι

326 2379 395 2443 τοῖς
408 2370 587 2450 πολεμίοις,
595 2359 697 2431 οὐδὲν
712 2358 816 2430 αὐτόν
830 2360 923 2445 άξιον
937 2364 1117 2452 εἰργάσθαι
1131 2376 1288 2457 νομίζειν,

325 2462 387 2534 ούκ
401 2462 566 2553 άνδρεῑος,
582 2461 665 2532 άλλά
679 2460 695 2498 *
712 2466 769 2533 καί
781 2464 942 2553 τολμηρός
956 2470 1055 2537 ἐστιν.
1078 2479 1108 2539 5.
1122 2465 1209 2540 ὅθεν
1217 2475 1286 2540 ἐπι·

258 2556 316 2637 ’102
326 2575 462 2655 φαίνειν
475 2567 537 2656 μὲν
558 2572 612 2635 δεῖ
623 2570 671 2658 τῷ
686 2565 809 2655 πλήθει
824 2564 860 2635 τό
879 2575 1139 2659 φιλοκίνδυνον,
1153 2578 1212 2642 ἵνα
1227 2572 1286 2663 την

325 2678 520 2758 προθυμίαν
533 2673 709 2757 ἐκκαλῆται
723 2673 793 2738 τοῖν
810 2675 1038 2758 στρατιωτῶν,
1060 2670 1286 2761 ἀγωνίζεσθαι

326 2770 358 2840 δ’
373 2770 639 2860 άσφαλέστερον,
662 2774 719 2840 καί
732 2775 793 2840 τοῦ
805 2772 958 2842 θανάτου
970 2774 1033 2862 μὲν
1045 2794 1284 2867 καταφρονεῖν,

324 2882 359 2943 εί
371 2901 402 2943 τι
422 2872 542 2961 πάσχοι
561 2872 598 2942 τό
622 2873 830 2962 στράτευμα,
849 2872 930 2964 μηδ’
952 2873 1057 2946 αὑτὸν
1079 2880 1283 2969 αἱρούμενον

285 3032 290 3040 .
322 2980 397 3065 ζῆν,
420 2978 609 3065 σωζομένου
630 2977 667 3046 δὲ
686 2979 746 3046 καί
762 2975 824 3065 τὴν
837 2983 929 3047 ι’δίαν
952 2979 1135 3068 φυλάττειν
1156 2984 1282 3073 ψυχήν·

321 3076 386 3168 ἥδη
400 3076 464 3166 γάρ
479 3082 719 3168 ἐπικυδέστερα
731 3078 772 3150 τά
786 3079 1074 3169 τῶυφιλίωνόντα
1088 3086 1171 3157 ποτὲ
1185 3109 1280 3176 στρα-

320 3180 418 3269 τηγός
431 3179 618 3252 άποθανῶν
639 3186 813 3270 ἐμείωσεν·
832 3189 867 3253 οί
881 3177 1020 3277 μὲνγὰρ
1034 3192 1243 3271 πταίοντεςέ
1266 3231 1279 3242 ·

320 3282 559 3372 αυεθάρρησαν
570 3282 607 3353 τό
622 3282 806 3355 άντίτιαλου
823 3283 1072 3377 άστρατήγητον
1084 3290 1233 3380 ἰδόντες,
1251 3295 1284 3362 οἰ

320 3383 354 3455 δ’
377 3382 594 3475 εὐτυχοῦντες
615 3388 857 3478 ἑδυσθόμησαν
876 3387 937 3459 τόν
958 3396 1047 3461 ἰδιον
1066 3387 1217 3483 ἡγεμόνα
1229 3402 1279 3484 ζη-

318 3492 462 3569 τοῦντες.
490 3499 519 3561 6.
538 3496 725 3579 στρατηγοῦ
739 3489 771 3560 δ’
788 3498 857 3562 ἔστι
869 3491 908 3563 τό
922 3494 1197 3583 παριππάζεσθαι
1210 3514 1279 3578 ταῖς

316 3591 464 3681 τάξεσιν,
487 3598 728 3683 ἐπιφαίνεσθαι
740 3607 810 3675 τοῖς
822 3596 1102 3687 κινδυνεύουσιν,
1126 3602 1278 3672 ἐπαινεῖν

302 3696 386 3781 τούς
396 3695 689 3794 άνδριζομένους,
703 3695 858 3768 όιπειλεῑν
870 3712 943 3786 τοῖς
955 3693 1187 3769 {mmmm
1199 3731 1275 3784 ,τωο

286 3815 470 3892 ρακαλεῖν
495 3804 583 3893 τοὺς
603 3809 800 3900 μέλλοντας
811 3813 827 3892 ‚'
842 3797 1064 3883 ἆναπδηλῦἦλ
1081 3793 1123 3859 ’ὦ
1145 3798 1312 3875 mm*
