3134 4367
680 426 854 489 ΠΡΩΤΟΝ
1202 428 1238 489 11

283 603 383 680 λέσας
395 597 475 679 τοὺς
487 606 607 686 φίλους
621 610 744 670 ποθεῖν
757 606 851 687 ἔλεγε
865 596 926 687 τὴν
939 608 1082 690 πατρίδα
1090 597 1103 640 ·’
1121 599 1239 692 ὁμολο-

283 720 358 792 γεῖν
373 702 411 772 δέ
432 700 491 782 τὰς
510 707 617 782 αἰτίας
636 708 694 792 τῆς
713 708 890 791 αἰφνιδίου
908 698 1012 793 ὁρμῆς
1031 706 1240 796 αίδούμενος,

285 808 436 877 δεδιέναι
450 821 680 896 προσεποιεῖτο
687 806 734 895 μή
746 834 796 886 τις
806 809 914 876 ἐκεῖσε
926 808 1241 900 προκαταλάβοιτὴν

284 916 459 999 βασίλειον
485 912 598 979 ἑστίαν
623 915 692 978 τῶν
718 906 930 1001 εὐπατριδῶν
956 918 1144 1000 πλουσίοιν,
1168 911 1238 984 εἷθ’

253 1044 267 1083 ε
286 1010 399 1103 ὥσπερ
414 1014 447 1095 ἐξ
460 1008 582 1102 ὀχυροῖς
595 1008 806 1104 ἀκροπόλεως
824 1013 970 1100 δύναμιν
982 1014 1040 1082 καί
1059 1014 1242 1107 περιβολὴν

283 1114 514 1207 συγκροτήσας
527 1118 684 1205 ἐπιθῆται
696 1121 737 1205 τῇ
751 1112 852 1206 άρχῇ·
874 1113 1042 1206 αὐτάρκης
1055 1118 1093 1187 δὲ
1106 1114 1124 1186 ὁ
1138 1124 1241 1208 δῆμος

283 1224 466 1309 χορηγῆσαι
479 1223 609 1307 πλῆθος
622 1220 804 1288 ἐπιλέκτων
817 1224 971 1289 νεανιῶν.

385 1321 523 1391 τοιαῦτά
535 1349 611 1391 τινα
631 1325 919 1412 προφασιζομένου
937 1328 999 1392 τοῦ
1015 1328 1191 1414 μειρακίου
1209 1327 1275 1392 οί4

284 1426 348 1515 μὲν
361 1423 455 1494 ἄλλοι
469 1424 721 1514 συνεστάλησαν
733 1453 769 1495 τε
787 1424 849 1515 τὴν
862 1425 990 1516 ψυχήν,
1011 1429 1067 1497 καί
1081 1436 1240 1516 σκυθρω·

244 1549 268 1590 ¹⁰
285 1544 364 1609 παῖς
377 1544 449 1609 ταῖς
462 1524 581 1610 ὄψεσιν
594 1530 627 1609 ἐς
639 1533 704 1617 γῆν
717 1535 875 1598 ἔνευσαν·
895 1528 1114 1619 Πομπηιανὸς
1130 1531 1185 1616 δέ,
1206 1525 1243 1609 ὃς

285 1630 513 1721 πρεσβύτατός
526 1658 562 1700 τε
575 1623 620 1720 ἦν
632 1627 793 1701 ἁπάντων
799 1633 855 1701 καί
861 1630 934 1701 κατ’
951 1634 1129 1721 ἐπιγαμίαν
1137 1652 1239 1723 προσ-

285 1735 380 1824 ήκων
398 1732 491 1827 αὐτῷ
507 1733 667 1828 (συνῴκει
687 1732 752 1832 γάρ
772 1739 813 1824 τῇ
827 1735 1039 1825 πρεσβυτάτη
1053 1741 1122 1806 τῶν
1141 1733 1239 1805 άδελ-

286 1844 364 1927 φῶν
376 1842 437 1907 τοῦ
449 1837 645 1927 Κομμόδου)
669 1832 815 1907 “ποθεῖν
839 1840 901 1927 μέν
922 1833 976 1907 τέ’
999 1844 1080 1927 ἔφη,
1101 1833 1242 1909 “τέκνον

286 1942 343 2011 καί
356 1942 517 2025 δέσποτα,
531 1938 594 2031 τὴν
606 1947 751 2031 πατρίδα
771 1941 876 2022 είκός·
899 1943 956 2011 καί
975 1939 1039 2033 γάρ
1059 1938 1155 2011 αὐτοὶ
1173 1947 1242 2012 τῶν

244 2070 268 2112 ιε
286 2054 373 2114 οίκοι
387 2040 486 2135 ὁμοίᾳ
499 2045 663 2136 ἐπιθυμίᾳ
676 2042 878 2133 έαλάκαμεν.
929 2042 1013 2115 ἄλλά
1031 2043 1072 2115 τά
1092 2049 1271 2116 ἐνταῦθαὸ

285 2155 547 2238 προυργιαίτερα
561 2143 642 2216 ὄντα
660 2148 717 2216 καὶ
730 2152 857 2236 μᾶλλον
870 2150 1045 2235 ἐπείγοντα
1059 2151 1166 2237 ἐπέχει
1180 2146 1242 2237 τὴν

285 2255 482 2340 ἐπιθυμίαν.
495 2255 566 2319 τῶν
579 2248 716 2341 μὲνγὰρ
731 2254 839 2322 ἐκεῖσε
852 2252 908 2320 καί
921 2248 1064 2343 ὕστερον
1078 2254 1132 2322 ἐπὶ
1145 2261 1238 2323 πλεῖ-

204 2364 206 2369 ’
285 2375 365 2424 στον
385 2359 493 2424 αίολνα
511 2350 729 2439 ἀπολαύσεις,
750 2357 820 2425 ἐκεῖ
839 2382 875 2424 τε
896 2349 1036 2446 ἡῬάρίη
1057 2352 1142 2425 ὅπου
1162 2352 1237 2426 ποτ’
1341 2396 1348 2412 ,

286 2452 361 2527 άνὸ
381 2453 540 2545 βασιλεῦς
557 2447 596 2546 ᾖ·
622 2454 682 2527 τὸν
704 2456 742 2527 δέ
761 2458 908 2548 πόλεμον
926 2455 1026 2547 άτελῆ
1046 2468 1242 2529 καταλιπεῖν

244 2589 271 2629 ιο
288 2558 372 2651 μετά
383 2565 446 2629 που
457 2556 627 2650 ἀπρεποῦς
640 2561 697 2629 καλ
710 2563 906 2650 ἐπισφαλές·
920 2562 1047 2651 θάρσος
1060 2558 1124 2649 γάρ
1138 2563 1240 2649 ἐμβα-

286 2670 412 2754 λοῦμεν
431 2678 501 2744 τοῖς
519 2662 718 2753 βαρβάροις,
739 2660 801 2732 οὐκ
828 2663 996 2734 ἐπανόδου
1021 2662 1132 2732 πόθον
1157 2660 1243 2732 ἀλλὰ

285 2765 399 2856 φυγὴν
413 2768 469 2835 καί
483 2768 557 2846 δέος
575 2761 671 2855 ἡμῶν
684 2771 896 2853 καταγνοῦσι.
932 2762 1037 2835 καλὸν
1050 2767 1090 2835 δέ
1106 2786 1158 2835 σοι
1171 2792 1239 2854 χει·
1253 2787 1271 2842 6

285 2871 468 2963 ροισαμένφ
482 2868 609 2949 πάντας
622 2864 761 2955 αὐτούς,
775 2871 832 2940 καί
844 2867 907 2959 τὴν
919 2864 986 2939 ὑπὸ
1003 2874 1044 2959 τῇ
1057 2867 1166 2964 άρκτφ
1180 2866 1238 2960 ιἰρ-

285 2971 348 3063 χὴν
362 2969 500 3065 ὠκεανῷ
513 2968 681 3063 ὁρίσαντα,
697 2975 899 3043 ἐπανελθεῖν
918 2979 1033 3044 οίκαδε
1053 2973 1240 3064 θριαμβεύ-

243 3109 270 3149 οε
287 3083 364 3147 οντί
379 3076 485 3146 τεκαὶ
505 3081 660 3165 δεσμίους
681 3072 843 3165 άπάγοντι
860 3077 916 3146 καὶ
934 3076 1161 3166 αίχμαλάτους
1177 3085 1239 3166 βα-

285 3189 389 3260 σιλεῖς
401 3207 438 3249 τε
451 3180 508 3247 καί
520 3179 688 3271 σατράπας
701 3180 907 3271 βαρβάρους·
922 3180 1051 3261 τούτοις
1063 3178 1127 3271 γάρ
1141 3182 1197 3250 καὶ
1210 3185 1244 3251 οί

286 3281 352 3372 πρὸ
373 3288 437 3353 σοῦ
455 3277 606 3371 Ῥωμαῖοι
627 3282 763 3371 μεγάλοι
785 3312 821 3353 τε
847 3285 904 3353 καὶ
924 3287 1053 3367 ἔνδοξοι
1071 3282 1239 3372 γεγόνασι.

287 3388 435 3457 δεδιέναι
451 3387 491 3454 δέ
501 3406 539 3454 σε
552 3383 593 3454 οὐ
606 3383 667 3476 χρὴ
681 3385 727 3476 μή
739 3414 789 3468 τις
803 3390 873 3457 ἐκεῖ
883 3402 951 3467 τοῖς
964 3385 1155 3477 πράγμασιν
1168 3389 1239 3457 ἐπι·

285 3495 399 3580 θηται.
414 3494 450 3559 οἳ
459 3516 495 3558 τε
508 3485 572 3579 γάρ
586 3484 713 3578 άριοτοι
723 3496 780 3579 της
793 3496 917 3579 βουλῆς
930 3493 1079 3560 ἐνταῦθα
1091 3488 1157 3559 σὺν
1169 3499 1224 3559 σοί
1231 3508 1238 3523 ·

244 3623 270 3664 το
288 3590 310 3683 ἦ
322 3620 358 3663 τε
372 3590 590 3683 στρατιωτικὴ
605 3591 746 3681 δύναμις
759 3598 911 3683 παροῦσα
930 3599 1019 3663 πάσα
1037 3598 1094 3681 τῆς
1106 3597 1166 3680 σῆς
1178 3588 1239 3679 άρ·

285 3701 569 3786 χῆςπροασπίζει·
588 3695 719 3783 ταμιεῖά
731 3723 767 3767 τε
785 3696 962 3788 χρημάτων
981 3695 1238 3785 βασιλικῶνβν-
