3134 4367
664 432 887 492 AETFEPON
1214 432 1251 492 51
1276 431 1280 440 '

262 661 264 667 .
294 632 360 695 μης
373 604 430 672 καλ
444 608 502 692 τής
516 602 705 691 ἐπαλλήλου
718 606 756 672 ἐν
767 619 840 683 ταῖς
853 602 1008 685 συνόδοις
1014 611 1104 696 βοῆς,
1120 606 1254 687 εἰκότως

295 706 459 796 όΝίγρος
473 705 706 791 ἆναπεισθείς,
727 706 833 798 ῥᾷστά
852 734 887 775 τε
907 702 998 799 αὑτῶ
1018 707 1058 778 τά
1078 709 1253 800 πράγματα

294 808 552 881 ὑπακούσεσθαι
567 809 807 900 προσδοκήσας,
819 812 875 879 καλ
888 809 1029 897 μάλιστα
1041 818 1087 905 τῶ
1099 812 1158 883 τόν
1169 811 1250 883 'Iov-

294 913 415 985 λιανδν
436 909 504 982 όπό
522 941 557 981 τε
576 919 645 982 τῶν
665 915 741 1003 περὶ
761 911 866 983 αὐτόν
885 920 1095 1002 στρατιωτῶν
1121 914 1252 1006 ἀμελεῖ-

265 1045 278 1085 5
295 1030 380 1088 σθαι
404 1017 488 1086 διότι
508 1014 566 1095 τάς
585 1012 779 1104 ὑποσχέσεις
799 1014 861 1085 οόκ
882 1017 1028 1107 ἐπλήρου
1047 1023 1115 1087 τῶν
1128 1020 1252 1109 χρημά-

293 1150 380 1206 των,
395 1117 462 1190 όπό
480 1147 516 1189 τε
538 1126 598 1188 τοῦ
618 1119 725 1208 δήμου
745 1132 1032 1210 καταφρονεῖσθαι
1056 1115 1100 1200 ῶς
1120 1118 1255 1205 ἀνάξιον

250 1243 254 1250 ’
293 1215 333 1313 ής
349 1224 475 1312 ἐώνητο
489 1220 608 1312 άρχής,
623 1226 821 1292 ἐπιδίδωσιν
835 1219 938 1293 αότδυ
960 1230 1000 1313 τή
1013 1230 1071 1312 τής
1084 1232 1254 1312 βασιλείας

294 1332 418 1397 ἐλπίδι.
471 1329 527 1394 καὶ
541 1324 581 1394 τά
595 1326 656 1415 μέν
670 1332 783 1416 πρῶτα
798 1325 869 1394 κατ’
886 1324 1020 1413 ὀλίγους
1040 1324 1205 1416 ἡγεμόνας
1217 1356 1252 1396 τε
1266 1340 1282 1395 7
1352 1365 1356 1374 ·

293 1433 351 1500 καὶ
365 1429 555 1519 χιλιάρχους
568 1429 646 1509 τοός
659 1457 694 1498 τε
707 1434 776 1498 τῶν
796 1436 1007 1518 στρατιωτῶν
1020 1433 1189 1518 ἐξέχοντας
1203 1442 1252 1500 οί-

253 1560 277 1599 ιο
295 1540 380 1603 καδε
394 1533 688 1622 μεταπεμπόμενος
704 1536 869 1620 διελέγετο
883 1535 939 1601 καί
962 1531 1138 1618 ἀνέπειθε,
1157 1533 1197 1604 τά
1218 1538 1253 1603 ἐκ

293 1644 353 1726 τῆς
369 1634 494 1726 Ῥώμης
513 1635 702 1725 δηλούμενα
717 1632 848 1724 φανερά
862 1641 985 1721 ποιῶν,
1008 1631 1052 1715 ῶς
1072 1632 1114 1706 όν
1135 1641 1251 1707 διαθέ-
1324 1624 1331 1637 ’

293 1761 380 1811 ουσα
395 1736 415 1829 ή
430 1741 523 1828 φήμη
534 1746 681 1808 ἔκπυστα
691 1741 747 1807 καί
761 1738 913 1828 γνώριμα
927 1745 1006 1828 ποιῇ
1019 1755 1088 1819 τοῖς
1102 1768 1137 1809 τε
1152 1760 1250 1830 στρα-

293 1844 428 1923 τιώταις
442 1846 498 1912 καλ
511 1859 580 1922 τοῖς
599 1851 727 1923 λοιποῖς
746 1840 829 1910 κατά
847 1839 909 1931 τήν
929 1840 1095 1931 ἀνατολήν
1115 1841 1250 1933 ἀνθρώ-

294 1969 386 2027 ποις·
411 1943 498 2015 οὕτω
519 1944 582 2036 γάρ
603 1950 710 2037 ῥᾷστα
721 1943 835 2035 ήλπιζε
855 1945 980 2025 πάντας
994 1942 1085 2039 αὐτῷ
1099 1970 1249 2036 προσχω-
1265 1969 1282 2023 8

253 2082 277 2121 ιι
295 2051 431 2142 ρήσειν,
452 2052 732 2138 πυνθανομένους
753 2046 803 2117 ότι
829 2046 873 2137 μή
894 2046 993 2129 αὐτὸς
1014 2052 1046 2131 ἐξ
1074 2054 1253 2139 ἐπιβουλῆς

293 2160 416 2243 μνᾶται
436 2151 498 2241 τήν
519 2150 640 2242 άρχήν,
668 2150 752 2222 άλλά
770 2152 975 2241 καλούμενος
994 2154 1050 2221 καλ
1072 2153 1253 2242 βοηθήσων

293 2256 408 2328 ἄπεισι
432 2252 602 2345 ῬωμαίοιςΙ
628 2259 807 2344 δεομένοις.
847 2254 1051 2346 άνεπτόηντο
1072 2257 1109 2325 δέ
1132 2257 1253 2337 πάντες

295 2364 351 2431 καὶ
374 2360 480 2449 μηδὲν
497 2359 719 2449 μελλήσαντες
746 2361 976 2448 προσέκειντο,
996 2363 1252 2450 ἐκλιπαροῦντες
1305 2413 1309 2424 .

294 2467 351 2534 καὶ
365 2461 461 2532 αὐτοὶ
474 2459 781 2550 ἀντιλαμβάνεσθαι
796 2468 863 2531 τῶν
883 2463 1096 2552 πραγμάτων.
1150 2463 1251 2550 φύσει
1266 2482 1283 2537 9

252 2591 279 2631 ιο
296 2568 333 2637 δέ
355 2573 487 2655 κοῦφον
507 2565 544 2635 τό
564 2565 689 2654 Σόρων
710 2573 827 2648 ἔθνος,
847 2569 880 2644 ἐς
899 2572 1116 2652 καινοτομίαν
1134 2592 1170 2633 τε
1184 2570 1252 2634 τῶν

293 2669 553 2759 καθεστηκότων
582 2668 780 2757 ἐπιτήδειον.
819 2670 900 2756 ε’νήν
921 2670 961 2736 δέ
983 2695 1033 2746 τις
1058 2663 1170 2746 αὐτοῖς
1195 2670 1252 2736 καὶ

294 2774 402 2853 πόθος
415 2779 474 2841 τοῦ
489 2781 632 2862 Νίγρου,
642 2769 748 2860 ἠπίως
761 2796 797 2838 τε
811 2767 967 2858 ἄρχοντος
980 2766 1093 2856 άπασι,
1102 2767 1141 2838 τά
1156 2780 1249 2840 πλεί-

292 2876 355 2946 στά
368 2904 405 2945 τε
418 2875 530 2955 αὐτοῖς
549 2880 908 2963 συμπανηγυρίζοντος.
943 2877 1111 2963 φιλέορτοι
1131 2875 1168 2944 δέ
1183 2875 1248 2963 φό-

295 3001 345 3050 σει
359 2979 484 3070 Σόροι·
501 2970 548 3048 ῶν
561 2978 702 3067 μάλιστα
715 2984 749 3047 οί
759 2975 821 3065 τήν
837 2973 1039 3065 Ἀντιόχειαν
1052 2984 1248 3048 κατοικοῦν-

254 3110 281 3150 ‘25
296 3110 366 3169 τες,
394 3090 553 3171 μεγίστην
579 3082 677 3153 πόλιν
704 3082 760 3151 καί
786 3078 987 3169 εὐδαίμονα,
1014 3079 1135 3169 σχεδόν
1161 3080 1250 3171 παρά

295 3186 405 3260 πάντα
418 3184 477 3255 τόν
491 3183 646 3255 ἐνιαυτόν
659 3184 869 3275 ἑορτάζουσιν
884 3190 922 3253 έν
935 3213 970 3253 τε
988 3189 1029 3273 τῇ
1051 3185 1145 3254 πόλει
1166 3184 1251 3274 αὐτή

294 3292 352 3359 καὶ
365 3287 449 3358 κατά
462 3286 503 3357 τά
518 3289 707 3379 προάστεια.
746 3290 830 3367 θέας
838 3294 956 3358 τοίνυν
976 3285 1088 3369 αὐτοῖς
1103 3295 1250 3377 συνεχῶς
1267 3310 1301 3363 10

296 3398 459 3463 ἐπιτελῶν
481 3388 498 3462 ὁ
517 3400 661 3482 Νίγρος,
682 3393 758 3482 περὶ
785 3387 823 3470 δίς
848 3390 988 3478 μάλιστα
1014 3392 1249 3475 ἐσπουδάκασι,

295 3498 352 3566 καλ
367 3493 482 3577 διδοδς
496 3492 613 3565 άνεσιν
626 3499 658 3574 ἐς
676 3493 713 3564 τό
736 3492 900 3583 ἑορτάζειν
920 3497 976 3563 καλ
994 3493 1249 3587 εὐφραίνεσθαι,

257 3621 281 3664 υ
296 3597 353 3669 ἅτε
367 3605 475 3670 ποιῶν
495 3601 730 3688 κεχαρισμένα,
746 3596 880 3676 εἰκότως
900 3601 1040 3686 ἐτιμᾶτο.
1093 3597 1178 3686 άπερ
1199 3601 1244 3663 εἰ·
1264 3605 1282 3667 8

298 3703 380 3790 δώς,
395 3706 536 3783 καλέσας
549 3702 627 3783 τοός
640 3729 676 3770 τε
689 3699 902 3787 πανταχόθεν
915 3702 1115 3791 στρατιώτας
1136 3702 1169 3777 ἐς
1189 3702 1247 3786 βη-

298 3805 358 3895 τήν
383 3803 528 3899 ἡμέραν,
553 3812 614 3877 τοό
639 3832 676 3877 τε
700 3808 821 3878 λοιποῦ
848 3804 1006 3899 πλήθους
1024 3800 1280 3881 συνελθόντος,

1076 3920 1127 3981 με
