3134 4367
326 415 366 478 28
715 423 893 483 ΠΡΩΤΟΝ

325 607 393 672 τοῖς
407 594 484 680 ἑξῆς·
497 589 667 683 ἐροῦμεν,
677 597 714 663 ἐκ
732 599 790 682 της
809 592 1004 681 ἀποβάσεως
1024 589 1085 682 τὴν
1104 593 1278 684 προϋπάρ-

325 716 451 783 χουσαν
464 696 578 785 φήμην
592 696 805 768 ἐπιστάσατο.
838 763 842 773 ,

292 814 310 868 7
426 806 560 870 πολλῶν
581 800 622 891 δὴ
642 804 698 872 καί
718 806 843 871 δεινῶν
864 805 1011 887 συνεχῶς
1029 799 1279 888 κατειληφότων

323 901 386 992 τὴν
398 903 512 991 πόλιν,
527 900 638 974 ούκέτι
655 900 673 974 δ
686 902 855 993 Ῥωμαίων
869 910 971 994 δῆμος
984 901 1056 993 μετ’
1073 902 1205 983 εὐνοίας
1218 900 1279 972 τδν

322 1007 503 1096 Κόμμοδον
517 1010 717 1097 ἐπέβλεπεν,
732 1006 817 1079 ἀλλά
829 1011 886 1078 καί
898 1007 956 1089 τάς
969 1014 1075 1087 αἰτίας
1092 1014 1160 1076 τῶν
1174 1011 1275 1076 ἐπαλ-
1295 1022 1308 1063 ⁶

322 1110 435 1201 λήλων
455 1118 639 1202 συμφορῶν
661 1116 694 1192 ἐς
715 1111 794 1192 τούς
815 1116 946 1181 ἐκείνου
972 1108 1128 1201 ἀκρίτους
1152 1110 1280 1198 φόνους

322 1216 379 1284 καί
398 1213 438 1284 τά
458 1212 558 1285 λοιπά
577 1221 638 1284 τοῦ
657 1224 735 1304 βίον
753 1214 919 1306 ἀνέφερεν
938 1210 1163 1305 ἁμαρτήματα.
1198 1211 1279 1283 οὐδὲ

322 1316 386 1408 γάρ
401 1320 567 1388 ἐλάνθανε
579 1316 621 1387 τά
634 1319 844 1409 πραττόμενα
858 1320 997 1403 πάντας,
1018 1315 1090 1389 ἀλλ’
1114 1314 1194 1386 οὐδὲ
1215 1312 1277 1385 αύ-

321 1419 377 1502 τδς
397 1421 582 1492 λανθάνειν
599 1420 740 1511 ἤθελεν,
759 1420 781 1492 ά
803 1422 840 1492 δέ
860 1422 1015 1512 πράττων
1034 1433 1120 1491 οἰκοι
1142 1420 1277 1508 διεβάλ-

292 1535 311 1589 8
325 1534 418 1612 λετο,
431 1530 536 1595 ταῶτα
549 1526 605 1594 καί
619 1532 762 1619 δημοσίᾳ
776 1530 881 1609 δεῖξαι
895 1526 1083 1615 ἐτόλμησεν.
1111 1527 1144 1605 ἐς
1156 1526 1275 1593 τοσοῦ·
1296 1546 1317 1587 ιο

320 1627 380 1700 τόν
392 1656 428 1699 τε
441 1636 561 1719 μανίας
574 1631 630 1698 καὶ
643 1639 819 1722 παροινίας
833 1629 1072 1720 προυχώρησεν
1086 1622 1129 1707 ῶς
1144 1634 1279 1717 πρῶτον

319 1732 382 1821 μέν
394 1730 456 1823 τὴν
470 1732 628 1828 πατρῴαν
647 1741 874 1825 προσηγορίαν
895 1733 1181 1824 παραιτήσασθαι,
1203 1728 1279 1801 άντί

321 1836 358 1905 δέ
371 1837 553 1924 Κομμόδου
566 1838 624 1905 καί
636 1838 782 1927 Μάρκου
797 1842 875 1906 υἰού
890 1833 1051 1925 Ἡρακλέα
1071 1862 1107 1906 τε
1122 1836 1178 1903 καὶ
1194 1831 1279 1914 Διὸς

319 1937 398 2008 υἰδν
410 1934 514 2009 αύτδν
534 1938 693 2021 κελεύσας
705 1951 902 2025 καλεῖσθαι,
922 1937 1175 2028 ἀποδυσάμενός
1190 1967 1226 2008 τε
1239 1935 1277 2008 τδ

313 2037 482 2131 Ῥωμαίων
492 2046 548 2112 καί
556 2051 727 2133 βασίλειον
739 2050 846 2133 σχῆμα
859 2049 999 2132 λεοντῆν
1013 2040 1276 2132 ἐπεστρῶννυτο,
1294 2070 1317 2110 ιε

319 2145 618 2236 καίρόπαλονμετά
625 2163 736 2237 χεῖρας
745 2150 877 2238 φέρων·
893 2144 1100 2236 άμφιέννντό
1107 2174 1143 2216 τε
1151 2140 1275 2237 άλουρ·

319 2265 388 2337 γεῖς
401 2252 457 2322 καί
470 2258 674 2340 χρυσοϋφεῖς
695 2254 854 2341 ἐσθῆτας,
871 2245 915 2331 ῶς
929 2251 1015 2320 εἰναι
1029 2253 1275 2339 καταγέλαστον

319 2349 423 2424 αύτδν
435 2350 497 2442 ὑφ’
515 2355 565 2422 εὐί
579 2352 718 2443 σχήματι
737 2356 794 2423 καί
812 2360 963 2443 θηλειῶν
982 2358 1201 2424 πολυτέλειαν
1220 2354 1278 2421 καί

288 2452 442 2548 θηρείων
455 2454 552 2546 ἰσχύν
571 2457 788 2547 μιμούμενον.
839 2463 987 2539 τοιοῦτος
1007 2459 1069 2547 μὲν
1091 2456 1132 2547 δὴ
1147 2453 1276 2547 προῖῶν

319 2565 493 2650 ἐφαίνετο,
514 2559 634 2651 ἤλλαξε
655 2563 693 2632 δέ
711 2564 768 2632 καί
794 2567 862 2631 τῶν
884 2565 1065 2632 ἐνιαυσίων
1091 2566 1208 2650 μηνῶν
1234 2555 1275 2629 τά
1291 2581 1317 2623 ιο

318 2662 479 2755 ὀνόματα,
495 2662 556 2737 ὅσα
568 2668 631 2755 μέν
643 2664 764 2757 άρχαλα
777 2666 979 2752 καταλύσας,
1000 2664 1125 2745 πάντας
1146 2664 1183 2733 δέ
1204 2679 1275 2743 ταῖς

319 2772 440 2839 ἑαυτοῦ
460 2777 695 2861 προσηγορίαις
724 2768 906 2858 ὀνομάσας,
933 2758 982 2838 ῶν
1007 2774 1045 2838 αί
1064 2778 1214 2838 πλεῖσται
1242 2770 1275 2847 ἐς

312 2868 475 2961 Ἡρακλέα
489 2876 597 2960 δῆθεν
610 2868 654 2953 ῶς
667 2871 904 2963 ἀνδρειότατον
917 2869 1130 2961 ἀνεφέροντο.
1158 2877 1275 2957 ἔστησε

318 2976 356 3045 δέ
366 2976 422 3044 καί
434 2971 634 3063 ἀνδριάντας
647 2970 752 3045 αὑτοῦ
765 2973 848 3045 κατά
866 2981 977 3044 πάσαν
989 2973 1051 3064 τὴν
1065 2975 1174 3062 πόλιν,
1190 2971 1276 3044 άλλά

201 3068 204 3071 ⁴
315 3076 383 3169 μὴν
396 3079 452 3146 καί
466 3073 605 3167 άντικρό
618 3084 678 3148 τού
694 3084 752 3167 τῆς
769 3077 957 3169 συγκλήτου
977 3085 1159 3169 συνεδρίου
1176 3078 1272 3159 τόξον
1289 3093 1317 3137 2⁵

317 3182 599 3271 διηγκυλημένον·
621 3181 776 3270 ἐβούλετο
790 3179 854 3273 γάρ
868 3180 909 3274 δὴ
924 3184 979 3251 καί
992 3180 1050 3263 τάς
1065 3182 1196 3263 εἰκόνας
1209 3177 1271 3251 αύ-

315 3291 364 3379 τῷ
378 3285 487 3373 φόβον
500 3280 659 3354 άπειλείν.

416 3384 476 3456 τόν
488 3388 550 3475 μέν
567 3379 630 3458 οὖν
643 3386 826 3477 άνδριάντα
839 3384 920 3478 μετά
933 3386 995 3477 τὴν
1009 3391 1142 3458 ἐκείνου
1155 3397 1272 3457 τελευ-

315 3487 377 3581 τὴν
390 3496 581 3561 καθελοῦσα
595 3487 615 3582 ἡ
629 3492 812 3580 σύγκλητος
831 3495 1027 3582 ἐλευθερίας
1048 3491 1161 3561 εἰκόνα
1176 3489 1272 3582 ἰδρύ-

269 3608 307 3670 15
316 3615 412 3664 σατο·
434 3589 452 3663 ὁ
467 3594 503 3664 δὲ
516 3594 692 3685 Κόμμοδος
705 3599 820 3686 μηκέτι
833 3597 981 3684 κατέχων
994 3597 1115 3665 ἑαυτοῦ
1130 3600 1273 3687 δημοσία
1290 3615 1317 3657 ³⁰

314 3699 397 3779 θέας
407 3694 611 3787 ἐπετέλεσεν,
621 3695 846 3789 ὑποσχόμενος
859 3699 899 3769 τά
911 3726 948 3769 τε
960 3704 1065 3787 θηρία
1079 3696 1188 3769 πάντα
1202 3705 1264 3791 ἰδί,

288 3802 390 3885 Jeep)
398 3819 625 3875 κατακτενεῖν
636 3805 695 3876 καί
707 3818 777 3887 τοῖς
791 3798 1035 3897 ἀνδρειοτάτοις
1044 3807 1113 3872 τῶν
1126 3809 1274 3872 νεανιῶν

195 3943 204 4026 ,λ
