3134 4367
314 438 372 500 196
690 440 861 500 ΟΓΔΟΟΝ

267 631 302 684 10
314 632 441 698 νυσαν,
456 610 671 700 καταχέοντες
684 606 815 701 ἀμβρου
829 615 929 699 δίκην
949 605 1185 700 ὁμοθυμαδόν.
1213 634 1269 698 φε·

315 714 439 804 ρομίνη
460 714 499 783 δὲ
518 710 539 802 η
559 721 662 784 πίσσα
681 712 746 783 σὺν
767 709 818 793 οἷς
837 720 1049 804 προείρηται,
1070 716 1221 803 δυομένη
1239 740 1269 781 τε

316 816 373 889 διά
391 823 460 886 τῶν
476 818 745 907 γεγυμνωμένων
763 824 877 907 μερῶν
894 824 955 886 τοῦ
970 817 1141 905 σῶματος,
1157 819 1192 897 ἐς
1207 822 1269 886 πᾶν

315 925 435 1009 ἐχεῖτο,
457 916 542 990 ῶστε
567 918 647 1001 τούς
670 918 829 1010 θῶρακας
859 918 984 1001 αύτούς
1009 922 1271 1009 πεπυρωμένους

316 1021 535 1113 ἀπορρίπτειν
550 1020 661 1093 καὶτὰ
674 1022 774 1093 λοιπά
788 1019 890 1110 ὅπλα,
912 1014 961 1092 ῶν
981 1020 999 1093 ὁ
1019 1028 1161 1112 σίδηρος
1175 1027 1290 1108 ἐθερῡ

317 1134 472 1215 μαίνετο,
485 1125 526 1195 τά
538 1153 574 1195 τε
588 1129 625 1196 ἐκ
638 1131 777 1215 βυρσῶν
790 1152 826 1195 τε
840 1128 897 1196 ναί
915 1125 1026 1210 ξύλων
1046 1128 1210 1215 ἐφλέγετο
1222 1126 1272 1195 καὶ

318 1236 522 1300 συνείλκετο.
536 1219 581 1317 ἦν
592 1235 679 1317 γοῦν
688 1234 774 1298 ίβείν
787 1231 1067 1318 γεγυμνωμένους
1079 1228 1162 1311 τοὺς
1176 1250 1271 1317 στρα-

296 1357 299 1364 “
318 1332 436 1412 τιῶτας
453 1328 577 1413 αύτούς
594 1328 659 1421 ὑφ’
683 1334 831 1422 ἑαυτῶν,
854 1334 911 1402 καὶ
930 1332 1065 1402 σκύλων
1082 1329 1173 1415 ὄψιν
1191 1328 1272 1402 ὅπλα

297 1460 300 1468 ·
319 1450 477 1524 παρεῖχεν
488 1437 686 1525 ἐρριμμένα,
703 1440 809 1527 σοφίᾳ
823 1436 939 1524 τέχνης
954 1431 1028 1505 ἀλλ’
1051 1431 1115 1505 ούκ
1136 1432 1272 1526 ἀνδρεία

318 1537 423 1627 μάχης
435 1540 671 1630 περιῃρημένα.
705 1544 742 1608 ἔα
755 1545 866 1608 τετοῦ
879 1537 1035 1608 τοιούτου
1049 1538 1272 1627 πάμπλειστον
1285 1554 1303 1593 ¹⁰

320 1649 450 1730 πλῆθος
471 1648 532 1711 τοῦ
558 1648 702 1733 στρατοῦ
728 1640 786 1724 τάς
805 1669 841 1711 τε
860 1638 955 1724 ὄψεις
976 1644 1142 1730 ἐπηροῦτο
1165 1643 1224 1711 καί
1240 1638 1271 1709 τὸ

322 1744 504 1834 πρόσωπον
516 1741 796 1836 ἡκρωτηριάζετο,
813 1741 882 1828 [τὰς
902 1751 1024 1834 χεῖρας]
1039 1746 1096 1814 καί
1116 1755 1152 1814 εἴ
1166 1773 1200 1814 τι
1216 1772 1272 1833 γυ-

321 1846 408 1935 μνὸν
429 1838 472 1935 ἦν
486 1854 546 1917 τοῦ
568 1848 727 1937 σῶματος.
761 1844 845 1918 ἀλλά
864 1846 931 1936 μὴν
948 1849 1005 1917 καί
1018 1859 1093 1928 ταῖς
1117 1862 1272 1937 μηχαναῖς

322 1953 586 2038 προσαγομίναις
599 1956 703 2042 δᾷδας
712 1952 897 2039 ἐπέβαλλον
904 1947 1025 2039 ὁμοίως
1033 1958 1137 2042 πίσση
1146 1954 1206 2022 καί
1219 1954 1272 2039 ῥη-

321 2058 398 2142 τίνη
412 2054 614 2140 δεδευμίυας
627 2055 685 2122 ἐπί
695 2080 730 2122 τε
742 2060 789 2146 τῷ
804 2049 895 2146 ἀκρφ
913 2061 1023 2142 βελῶν
1041 2051 1162 2136 ἀκίδας
1182 2051 1271 2143 ἑχού-
1285 2066 1302 2107 ¹⁵

322 2177 399 2235 σας·
429 2162 467 2225 αἱ)
480 2152 686 2245 ἀναφθεῖσαι
705 2155 904 2245 φερόμεναι,
919 2160 1115 2246 ε’μπαγειῒσαι
1129 2173 1203 2239 ταῖς
1217 2184 1273 2247 μη-

322 2273 437 2347 χαναῖς
448 2260 504 2328 καὶ
518 2274 792 2349 προσπεφυκνϊαι
807 2262 931 2352 ῥηιδίως
944 2257 1048 2341 αύτάς
1061 2263 1272 2349 κατίφλεγον.

295 2375 314 2435 5
425 2369 494 2430 τῶν
519 2361 581 2450 μὲν
603 2352 667 2431 ούν
685 2361 829 2451 πρῶτων
848 2359 984 2452 ἡμερῶν
1006 2360 1189 2446 άντίπαλός
1211 2390 1273 2442 πως

325 2466 382 2535 καὶ
402 2463 578 2555 ἰσόρροπος
598 2470 716 2553 ἔμενεν
737 2462 759 2554 ἡ
778 2465 860 2554 τύχη
880 2473 938 2554 τῆς
957 2466 1075 2555 μάχης·
1096 2466 1224 2557 χρόνον
1242 2466 1274 2536 δὲ

325 2570 542 2658 ἐγγινομένου
571 2564 591 2637 ὅ
612 2596 649 2638 τε
668 2566 807 2658 στρατὸς
828 2576 890 2639 τοῦ
914 2572 1109 2658 Μαξιμίνου
1137 2566 1304 2660 ὀκνηρὸςυ

324 2676 470 2760 ἐγίνετο,
498 2673 555 2742 καὶ
577 2678 705 2742 πταίων
730 2679 788 2761 τῆς
810 2676 943 2754 ἐλπίδος
963 2670 1104 2762 ἀθύμως
1123 2677 1274 2745 διέκειτο·

327 2771 386 2856 ούς
409 2772 472 2864 γάρ
492 2771 676 2861 ηλπίκεσαν
694 2781 859 2865 μηδεμίαν
878 2772 1062 2864 ὑπομενεῖν
1075 2776 1274 2866 προσβολήν,

326 2876 466 2957 τούτους
479 2875 635 2968 εὕρισκον
649 2874 712 2947 ούα
724 2875 921 2965 ἀντέχοντας
933 2878 1039 2967 μόνον
1051 2876 1137 2949 ἀλλά
1149 2883 1209 2951 καί
1221 2876 1276 2948 άν-

298 2987 509 3061 νθεστῶτας.
560 2984 596 3049 οί
612 2980 650 3049 δὲ
670 2976 858 3068 Ἀκνλήσιοι
884 2982 1140 3071 ἐπερρῶνννντό
1165 3012 1204 3055 τε
1227 2982 1277 3053 καί

301 3127 303 3133 ·
328 3084 434 3172 πάσης
447 3085 689 3172 ἐνεπίμπλαντο
702 3089 910 3172 προθυμίας,
936 3093 976 3176 τῇ
996 3114 1032 3155 τε
1048 3094 1209 3179 συνεχείᾳ
1225 3091 1306 3173 τῆςίᾗ

329 3186 433 3275 μάχης
445 3199 566 3274 πεῖραν
582 3186 639 3254 ναί
651 3182 777 3274 θάρσος
790 3183 875 3274 ὁμοῦ
893 3189 1210 3278 προσλαμβάνοντες
1221 3217 1275 3259 αα-

328 3287 518 3377 τεφρόνουν
530 3294 605 3358 τῶνΙ
615 3297 844 3378 στρατιωτῶν,
865 3285 910 3372 ῶς
928 3293 985 3361 καί
1002 3289 1237 3364 ἀποσαῶπτειν
1248 3294 1277 3370 ἐς

329 3387 469 3479 αύτούς,
484 3393 671 3480 ίνυβριζειν
692 3419 728 3462 τε
746 3399 793 3486 τῶ
814 3397 993 3488 Μαξιμίνφ
1014 3404 1277 3486 περινοστοῦντα

330 3500 364 3576 ἔς
382 3521 419 3564 τε
438 3490 543 3564 αὐτὸν
562 3498 618 3565 καὶ
637 3493 698 3566 τὰν
717 3502 821 3567 παῖδα
847 3494 1065 3590 ἀπορρίπτειν
1083 3500 1277 3591 δυσφήμους

322 3599 384 3669 καὶ
395 3596 535 3690 αἰσχράς
545 3606 775 3692 βλασφημίας,
790 3597 844 3690 ἐφ’
867 3596 1064 3703 αίςιέκεῑνος
1083 3604 1310 3693 αινούμενοςε

267 3723 291 3777 3
306 3698 417 3795 ὀργῆς·
432 3713 573 3797 μᾶλλον
593 3709 841 3802 ἐνεπίμπλατο.
894 3709 1042 3795 *χρῆσθαι
1059 3704 1099 3770 οἳ
1117 3706 1204 3771 mh
1224 3712 1283 3771 τῶν

287 3818 482 3902 πολεμίων
496 3812 547 3891 ού
565 3817 796 3913 δυνάμενος,
811 3810 952 3893 ἐκόλαζε
966 3802 1052 3883 τοὺς
1062 3805 1313 3877 ffifflwffl
