3134 4367
527 452 801 518 εεεευυτοκοτ,
825 451 888 522 τοι
905 451 966 508 Κο.
1184 455 1225 517 41

266 626 481 716 βλάπτωνται
495 624 540 715 μή
561 623 635 697 κατ’
657 624 767 716 ἄνδρα
781 624 947 715 σποράδες
961 629 999 697 έν
1015 640 1087 708 ταίς
1101 643 1226 715 φυγαῖς

263 726 510 809 ὑποπίπτοντες
522 744 592 809 τοῖς
605 736 791 818 πολεμίοις,
811 729 951 799 πλείονά
970 757 1005 799 τε
1016 734 1223 820 κατορθοῦν-

265 859 320 912 τες
334 832 506 920 βλάπτωσι
518 830 602 900 κατά
614 831 722 914 τάξεις
735 832 792 901 καὶ
807 830 925 918 λόχους
938 830 1144 921 ἰσχυρότεροι
1158 846 1228 913 τοίς

265 935 453 1022 φεύγουσιν
467 933 739 1022 ἐπιφαινόμενοι,
752 932 835 1023 πρὸς
849 934 887 1003 δέ
900 936 957 1004 καὶ
970 932 1226 1023 άσφαλέστεροι·

265 1035 426 1117 πολλάκις
438 1035 503 1127 γὰρ
519 1032 667 1116 άτάκτως
680 1038 943 1124 ἐπιφερομένους
956 1041 991 1107 οί
1000 1039 1151 1126 πολέμιοι
1166 1047 1226 1106 θε-

265 1138 427 1227 ασάμενοι
440 1137 738 1228 συμφρονήσαντες
752 1129 854 1219 αὖθις
867 1142 904 1208 έκ
917 1144 1101 1228 μεταβολῆς
1116 1136 1228 1208 αὐτῶν

265 1241 489 1321 καταστάντες
512 1249 560 1320 είς
580 1240 673 1322 τάξιν
698 1248 927 1329 παλίντροπον
948 1240 1145 1330 ἐποιήσαντο
1166 1239 1229 1329 τήν

266 1347 401 1426 δίωξιν·
420 1342 505 1422 ὅλως
529 1343 567 1413 δὲ
586 1345 694 1431 μηδέν
714 1363 831 1431 σφισιν
853 1341 992 1432 άμεινον
1006 1343 1093 1413 εἶναι
1106 1346 1228 1432 λεγέτω

266 1450 328 1515 τοῦ
341 1448 457 1535 μένειν
477 1448 515 1515 έν
531 1445 622 1528 τάξει
634 1441 717 1534 μηδ’
739 1447 1024 1535 ἐπισφαλέστερον
1043 1450 1104 1515 τοῦ
1122 1445 1228 1516 λύειν.

567 1764 834 1868 ΚΕΦΑΛΑΙΟΝ
858 1764 934 1836 ΚΗ.
1238 1784 1272 1834 ον

267 1914 371 1975 [ΠΕΡΙ
381 1912 458 1964 ΤΟΤ
471 1902 521 1963 ΔΙ’
531 1912 769 1963 ΕΠΙΜΕΛΕΙΑΣ
786 1913 901 1964 EXEIN
917 1911 992 1965 TON
1009 1912 1231 1968 ΣΤΡΑΤΙΠὈΝ
1300 1923 1317 1934 ·

378 1997 564 2049 AAMIIPON
579 1997 793 2049 EKTATTEIN
810 1997 858 2048 ΤΟ
876 1997 1123 2058 ΣΤΡΑΤΕΤΜΑ.]

346 2154 592 2241 Μεμελήμένον
608 2149 641 2222 δ’
657 2159 741 2223 ἔστω
753 2156 802 2246 τῷ
818 2157 993 2247 στρατηγῷ
1007 2151 1161 2244 λαμπρόν
1177 2157 1230 2223 έκ-

267 2255 401 2327 τάττειν
414 2254 451 2324 τό
472 2255 660 2343 στράτευμα
676 2271 746 2335 τοῖς
767 2253 899 2341 ὅπλοις,
922 2258 1023 2347 ῥᾳδία
1044 2254 1076 2325 δ’
1092 2252 1112 2344 ή
1126 2283 1231 2344 φρον-

268 2362 319 2440 τὶς
339 2354 426 2446 αὕτη
448 2357 716 2445 παρακαλέσαντι
732 2354 773 2424 τά
792 2360 872 2446 ξίφη
892 2355 1014 2445 θήγειν
1033 2358 1089 2426 καλ
1103 2355 1161 2437 τάς
1174 2355 1231 2427 κό-

268 2470 381 2551 ρυθας
394 2463 451 2530 καὶ
467 2459 546 2540 τούς
558 2456 717 2548 θώρακας
738 2457 893 2547 σμήχειν·
915 2457 1099 2548 δεινότεροι
1117 2458 1182 2556 γάρ
1201 2465 1236 2529 οί

268 2563 421 2642 ἐπιόντες
433 2570 612 2649 φαίνονται
626 2559 716 2648 λόχοι
730 2577 800 2640 τοῖς
813 2556 1232 2650 ταῖνόπλωναίθόγμασιν,

269 2669 326 2737 καὶ
341 2664 502 2735 πολλάτὰ
526 2662 573 2735 δι’
589 2661 699 2746 ὅψεως
720 2669 860 2751 δείματα
874 2670 1147 2753 προεμπίπτοντα
1161 2679 1234 2744 ταῖς

271 2783 396 2857 ψυχαῖς
410 2766 564 2857 ταράττει
578 2764 615 2836 τό
630 2762 864 2855 άντιπόλεμον.

678 2949 830 2963 *υ

572 3088 843 3161 ΚΕΦΑΛΑΙθΝ
866 3081 939 3168 ΚΘ.
963 3133 965 3138 -
1245 3104 1279 3156 93

352 3236 453 3297 [ΠΕΡΙ
470 3236 547 3288 ΤΟΤ
563 3238 614 3290 EN
630 3237 697 3289 ΤΩΙ
713 3236 842 3288 ΚΑΙΡΩΙ
858 3235 935 3287 ΤΗΣ
952 3231 1160 3286 ΣΤΜΒΟΛΗΣ

636 3320 871 3381 mmmm]

354 3488 380 3546 1.
397 3474 564 3564 Ἐπαγέτω
585 3474 622 3545 δέ
641 3474 748 3545 καὶτὸ
761 3475 951 3567 στράτευμα
966 3471 1032 3544 σόν
1045 3470 1237 3563 άλαλαγμῷ,

272 3578 354 3649 ποτέ
368 3579 405 3648 δέ
418 3580 475 3649 καὶ
489 3576 553 3645 σὺν
567 3576 696 3670 δρόμῳ·
720 3578 854 3668 καὶγὰρ
868 3575 945 3659 όψις
958 3578 1014 3647 καὶ
1028 3574 1089 3665 βοή
1104 3575 1159 3643 καὶ
1173 3572 1237 3642 πά-

272 3708 374 3769 ταγος
400 3679 515 3749 όπλων
538 3682 685 3769 ἐξίστησι
710 3678 771 3763 τὰς
797 3684 870 3751 τῶν
902 3683 1072 3751 ἐναντίων
1096 3675 1322 3740 §mmm-Q

258 3791 290 3849 2.
305 3779 561 3855 α’νατεινόντων
575 3785 616 3859 δέ
629 3784 720 3860 κατά
736 3784 800 3871 τὰς
817 3783 977 3877 ἐφόδους
985 3764 1239 3869 mmm&
1251 3761 1310 3821 Q
