3134 4367
312 417 352 479 92
708 420 860 478 ΤΡΙΤΟΝ

312 588 376 679 ἐγὼ
392 589 428 657 δὲ
442 584 632 677 ὑπεσχόμην
647 590 725 676 μέν,
747 585 837 669 ὅπως
853 587 897 678 μὴ
919 592 999 677 ἐμοῦ
1020 586 1057 657 τὸ
1078 594 1178 676 ἔργον
1197 614 1262 656 πα-

313 694 553 782 ραιτησαμένου
568 687 657 784 άλλῳ
670 696 878 782 έγχειρισθῇ·
894 694 947 761 σοὶ
969 691 1007 762 δὲ
1026 697 1130 760 ταῦτα
1150 691 1261 779 δηλοί-

279 816 382 869 3σων
395 791 481 883 ἥκω,
497 791 540 875 ὡς
562 788 603 863 άν
620 792 665 883 μὴ
684 794 774 884 λάθη
794 792 834 863 τά
853 790 1071 883 τολμώμενα.”
1125 793 1263 863 τοιαῦτά

310 927 384 968 τινα
402 900 555 986 λέγοντος
579 893 684 966 αὑτοῦ
706 900 762 965 καὶ
781 892 984 987 δακρύοντος
1007 894 1068 967 ούκ
1092 894 1221 978 εύθέοος
1243 892 1261 965 ὁ

308 1008 453 1089 Σευῆρος
466 1005 669 1086 ἐπίστευσεν,
679 996 753 1069 ἀλλ’
770 997 827 1069 άτε
840 999 926 1070 πολύ
941 1008 1026 1088 ἔχων
1035 1004 1072 1069 ἐν
1086 1016 1155 1079 τοῖς
1164 1003 1261 1087 στέρ-
1278 1026 1302 1065 ε’

308 1132 379 1185 νοις
392 1097 429 1173 τύ
442 1108 658 1172 Πλαυτιανοῦ
673 1111 825 1193 φίλτρον,
840 1102 1008 1191 σνσκευήυ
1022 1131 1095 1172 τινα
1109 1104 1165 1171 καὶ
1179 1124 1263 1190 σκη-

307 1206 373 1296 νὴν
386 1203 422 1276 τὸ
441 1213 575 1294 πρᾶγμα
588 1201 823 1294 ὑπώπτευσεν,
837 1202 949 1295 ἡγεῖτό
968 1234 1004 1275 τε
1023 1204 1082 1275 τὸν
1103 1204 1182 1275 υίδν
1198 1201 1262 1275 αύ-

307 1318 368 1380 τοῦ
382 1317 474 1398 ἔχθει
493 1315 538 1401 τῷ
551 1315 766 1379 Πλαυτιανού
784 1311 840 1378 καὶ
859 1318 947 1398 μίσει
966 1317 1022 1396 τῆς
1044 1311 1176 1377 έκείνου
1194 1318 1262 1377 θυ-

308 1411 427 1501 γατρὸς
442 1407 715 1500 εὑρηκέναιτινά
729 1415 848 1500 τέχνην
864 1410 937 1482 κατ’
954 1410 1058 1481 αύτοῦ
1073 1414 1129 1480 καὶ
1144 1417 1261 1499 διαβο-

277 1514 371 1604 4λην
401 1515 651 1604 θανατηφόρον.
704 1516 998 1605 μεταπεμψάμενος
1029 1513 1066 1583 δὲ
1098 1512 1157 1583 τὸν
1184 1513 1261 1584 υίόυ
1278 1546 1301 1585 ιο

305 1617 418 1710 ᾐτιᾶτο
438 1612 483 1698 ὥς
501 1626 637 1688 τοιαῦτα
655 1619 898 1703 συσκευάζουτοι
919 1614 992 1688 κατ’
1016 1614 1139 1707 άνδρὸς
1156 1614 1261 1687 εύνου

305 1724 362 1791 καὶ
377 1727 513 1790 οἰκείου.
542 1718 614 1791 ὁδὶ
630 1717 825 1816 Ἀντωνῖνος
838 1720 878 1790 τά
891 1722 953 1811 μέν
967 1727 1080 1811 πρῶτοι
1097 1717 1261 1809 άπύμνυ-

306 1853 359 1911 το,
373 1821 452 1912 μηδ’
474 1827 597 1893 εἰδέναι
611 1824 751 1911 φάσκων
767 1823 808 1893 τά
820 1825 999 1914 λεγόμενοι·
1014 1825 1209 1912 ἐγκειμένου
1224 1824 1261 1892 δὲ

305 1933 365 1996 τού
378 1926 549 2016 χιλιάρχου
562 1928 618 1995 καὶ
633 1925 670 1995 τὸ
689 1944 913 2016 γραμματεῖον
927 1927 1138 2006 δεικνύοντος
1155 1952 1259 2016 παρε-

304 2028 458 2118 θάρσυνέ
476 2056 511 2097 τε
527 2026 631 2097 αὑτὸν
653 2031 709 2097 καὶ
728 2030 939 2118 προύτρεπεν
960 2035 992 2109 ἐς
1011 2026 1089 2109 τούς
1103 2031 1259 2118 ἐλέγχους
1276 2057 1298 2099 15

303 2129 322 2201 ὁ
338 2128 544 2211 Ἀντωνῖνος.
572 2126 640 2201 ὅδὲ
653 2132 821 2220 χιλιάρχης
834 2130 923 2221 ὁρῶν
945 2137 977 2213 ές
997 2128 1076 2202 ὅσον
1096 2139 1261 2202 κίνδυνον

302 2231 396 2323 ἥκει,
412 2232 530 2315 δεδιώς
543 2263 578 2304 τε
591 2233 653 2322 τὴν
667 2234 750 2322 πρὸς
763 2235 822 2304 τὸν
834 2234 1049 2305 Πλουτιανὸυ
1068 2242 1128 2304 τού
1149 2236 1257 2326 Σευη-

303 2364 367 2425 ρου
382 2332 534 2424 εύνοιαν,
549 2337 763 2426 ἐπιστάμενός
778 2366 813 2408 τε
830 2336 883 2426 ὡς,
899 2346 930 2408 εί
943 2335 1042 2409 λάθοι
1057 2332 1254 2427 ἡρἐπιβουλὴ

304 2442 360 2509 καὶ
375 2437 419 2529 μὴ
434 2443 624 2530 ἐλεγχθείη,
644 2436 786 2529 ύλεθρος
806 2440 897 2534 αύτῷ
911 2440 971 2531 ούχ
993 2438 1010 2510 ὁ
1030 2439 1141 2527 τυχών
1155 2443 1259 2531 ἐπήρ-

273 2560 290 2611 5
306 2572 410 2633 τηται,
419 2538 497 2613 “nal
510 2541 600 2613 τίνα”
617 2534 753 2633 ἔφη,“ύ
772 2548 947 2634 δέσποται,
968 2552 1104 2633 ἔλεγχον
1124 2553 1258 2632 μείζονα
1269 2579 1298 2619 οο

302 2643 523 2736 βούλεσθε,ἢ
542 2656 642 2718 ποίαν
662 2644 833 2731 άπόδειξιν
849 2650 1102 2738 φανερωτέρανς
1124 2650 1255 2736 ἐπιτρέ-

300 2766 384 2831 ψατε
397 2748 461 2839 γάρ
476 2750 517 2838 δή
530 2749 601 2839 μοι”
618 2748 914 2840 ἔφη“προελθόντι
930 2760 997 2821 τῶν
1012 2758 1192 2839 βασιλείων
1201 2751 1258 2821 διά

300 2880 390 2933 τινος
411 2859 478 2921 τῶν
497 2856 569 2941 ἐμοὶ
583 2861 710 2924 πιστῶν
725 2859 871 2943 δηλῶσαι
891 2851 942 2923 ὅτι
963 2853 1005 2942 δὴ
1024 2850 1060 2923 τὸ
1080 2859 1181 2941 ἔργον
1195 2882 1257 2923 κα-

300 2962 499 3042 τείργασται.
539 2951 615 3025 δ’δὲ
638 2954 789 3044 ἀφίξεται
811 2956 1006 3045 πιστεύσας,
1029 2958 1085 3025 καὶ
1106 2955 1257 3046 οἰόμενος

300 3065 405 3145 ἔρημα
418 3055 459 3125 τά
471 3064 622 3145 βασίλεια
641 3059 901 3147 καταλήψεσθαι.
930 3056 1009 3128 ὅταν
1029 3060 1066 3129 δὲ
1081 3055 1252 3149 άφίκηται,
1270 3094 1294 3135 σε

299 3156 463 3248 ὑμέτερον
483 3156 549 3249 ἤδη
572 3168 671 3249 ἔργον
685 3157 800 3249 εὑρεῖν
820 3158 880 3247 τὴν
898 3157 1069 3250 άλήθειαυ.
1110 3159 1253 3252 ἡσυχίαν

300 3261 338 3331 δὲ
356 3261 441 3331 εἶναι
455 3262 582 3352 πολλὴν
596 3261 660 3332 άνδι
674 3262 714 3332 τά
726 3270 878 3354 βασίλειοι
891 3266 1084 3353 κελεύσατε,
1105 3262 1195 3347 ὅπως
1209 3265 1254 3356 μὴ

298 3362 336 3434 τό
350 3365 579 3454 πραττόμενον
592 3367 814 3456 προγνωσθέν
825 3363 1023 3459 άυοιτραπῇ.”
1135 3381 1138 3389 ’

267 3492 285 3547 6
399 3474 503 3537 ταῦτα
523 3467 627 3538 εἰπάν
648 3473 836 3540 έντέλλεταί
857 3499 923 3540 τινι
949 3478 1017 3541 τῶν
1046 3470 1253 3540 πιστοτάτων

298 3572 405 3664 ἑαυτῷ
420 3566 570 3659 άγγεῖλαι
582 3579 783 3668 Πλαυτιανῷ
799 3570 894 3663 ἥκειν
909 3573 971 3663 τὴν
983 3580 1153 3661 ταχίστην·
1178 3591 1249 3645 κεῖ·
1266 3602 1291 3644 ιο

297 3684 379 3743 σθαι
392 3671 455 3763 γάρ
471 3671 678 3766 ἀμφοτέρους
692 3674 769 3758 τούς
789 3680 960 3766 βασιλέας,
981 3678 1036 3745 καὶ
1054 3681 1126 3745 δεῖν
1145 3673 1251 3747 αὑτὸν

288 3782 395 3845 ἔνδον
406 3776 494 3849 εἶναι
513 3780 596 3871 πρὶν
616 3786 761 3853 ἔκπυστα
777 3788 823 3875 τῷ
845 3780 938 3872 δήμῳ
952 3780 1126 3867 γενέσθαι,
1144 3776 1188 3861 ὡς
1208 3776 1250 3850 άν
