3134 4367
702 438 880 500 ΟΓΔΟΟΝ
1204 441 1263 504 195

305 609 332 680 δὲ
342 604 441 703 αὐτῷ
455 615 664 701 προσβαλεῖν
679 604 810 690 εὐθέως
822 606 886 679 οόκ
901 614 1010 694 ἔδοξε·
1031 620 1205 699 μείναντες
1223 616 1263 687 δὲ

249 799 251 814 Ι
304 717 355 797 ἐξω
368 711 577 801 τοξεύματος
588 714 646 783 καὶ
658 713 889 803 διαιρεθέντες
897 712 982 785 κατά
995 715 1115 803 λόχους
1123 722 1180 788 καλ
1193 722 1261 809 φά-

303 827 423 906 λαγγας
437 817 518 905 περὶ
531 820 600 885 πᾶν
613 812 651 885 τὸ
671 831 794 904 τεῖχος,
818 812 863 898 ός
884 817 1036 900 ἑκάστοις
1054 818 1139 889 κατά
1160 825 1260 909 μέρος

303 920 541 1009 προστέτακτο,
556 924 634 1005 μιάς
645 914 771 1008 ἡμέρας
789 915 1081 1011 ἀναπαυσάμενοι,
1104 930 1167 993 τοῦ
1188 933 1260 996 λοι-

284 1030 361 1093 5ποῦ
378 1032 514 1110 είχοντο
528 1027 588 1111 τῆς
603 1028 808 1109 πολιορκίας.

397 1123 551 1214 μηχανάς
564 1151 600 1194 τε
613 1114 677 1194 οὖν
690 1131 851 1207 παντοίας
864 1128 1095 1216 προσέφερον,
1116 1130 1174 1196 καλ
1191 1153 1261 1197 τει-
1320 1213 1322 1215 ¹

249 1261 273 1294 :¹
301 1235 524 1318 χομαχοῦντες
548 1229 649 1297 παντὶ
675 1231 793 1298 σθένει
818 1225 923 1299 οὐδὲν
947 1231 1150 1321 παρέλειπον
1173 1228 1262 1312 εἶδος

249 1319 252 1342 l
302 1339 502 1422 πολιορκίας.
555 1336 689 1401 πολλῶν
708 1331 819 1402 δὲκαὶ
839 1330 961 1420 σχεδὸν
979 1333 1119 1422 ἑκάστης
1137 1330 1290 1421 ἡμέραςχ

302 1437 489 1524 γινομένων
495 1441 703 1524 προσβολιόν,
714 1436 771 1504 καλ
782 1432 908 1515 παντὸς
919 1442 981 1505 τοῦ
994 1444 1138 1526 στρατοῦ
1148 1433 1261 1525 ὥσπερ

277 1553 291 1608 δ
302 1538 571 1627 σαγηνεύσαυτος
583 1535 646 1625 την
658 1537 769 1625 πόλιν,
784 1537 867 1626 μετά
881 1545 1003 1627 πολλῆς
1016 1547 1092 1628 βιάς
1104 1541 1161 1609 καὶ
1175 1567 1261 1631 προ-

301 1643 414 1731 θόμου
429 1641 535 1729 μάχης
555 1646 827 1730 τειχομαχοῦντες
837 1638 995 1728 άντελχον
1013 1648 1049 1711 ολ
1059 1640 1260 1731 Ἀκυλήσιοι,

301 1744 381 1826 νεός
395 1744 460 1834 μέν
473 1746 531 1814 καὶ
544 1750 651 1825 οἰκίας
664 1740 939 1831 ἀποκλείσαντες,
959 1749 1127 1834 πανδημεὶ
1140 1747 1179 1815 δὲ
1192 1742 1260 1834 άμα

302 1851 391 1919 παισὶ
410 1849 468 1917 καλ
482 1850 637 1937 χυναιξλν
651 1844 788 1917 άνωθεν
802 1850 834 1930 ἐξ
855 1847 1023 1931 ἐπάλξεων
1040 1876 1076 1918 τε
1093 1850 1151 1918 καλ
1169 1849 1258 1939 πάρ-

301 1980 369 2039 χονν
382 1948 648 2040 ἀπομαχόμενοι·
666 1946 750 2019 οόδέ
761 1978 812 2031 τις
826 1947 933 2032 οὕτως
948 1942 992 2040 ἦν
1007 1949 1169 2041 άχρηστος
1183 1948 1259 2041 ἡλι-

274 2063 355 2125 1ὄκία
368 2052 415 2135 ὡς
428 2052 474 2143 μὴ
491 2056 641 2144 μετέχειν
656 2059 714 2141 τῆς
727 2049 813 2143 ὑπὲρ
832 2060 890 2142 τῆς
903 2061 1062 2144 πατρίδος
1074 2056 1189 2145 μάχης.
1216 2055 1257 2126 τά
1270 2075 1289 2129 8

300 2159 359 2247 μὲν
371 2156 438 2247 γάρ
454 2156 652 2247 προάστεια,
667 2158 724 2226 καλ
738 2166 772 2226 ελ
787 2185 820 2226 τι
838 2164 907 2227 τόν
923 2166 1042 2230 πυλῶν
1061 2163 1190 2242 ἔξωθεν
1201 2150 1257 2248 ἦν,

300 2259 365 2331 ὑπὸ
377 2266 441 2332 τοῦ
456 2267 652 2348 Μαξιμίνου
666 2266 810 2349 στρατοῦ
823 2262 1065 2352 κατέστραπτο,
1085 2268 1126 2353 τῇ
1144 2289 1181 2332 τε
1197 2265 1257 2346 ξυ-

301 2373 373 2457 λείηι
399 2370 469 2433 τῶν
503 2363 778 2451 οἰκοδομημάτων
803 2365 837 2444 ἐς
862 2362 920 2444 τάς
946 2362 1095 2452 μηχανάς
1121 2368 1257 2434 κατεκέ-

300 2495 432 2557 χρηντο.
485 2466 654 2555 ἐβιάζοντο
668 2465 706 2535 δὲ
718 2472 780 2534 τοῦ
794 2473 924 2553 τείχους
943 2462 1008 2535 κάν
1027 2468 1125 2555 μέρος
1143 2494 1176 2535 τι
1193 2494 1257 2535 κα-

268 2591 288 2632 ν
300 2581 434 2659 θελεῑν,
450 2566 496 2641 ἵν’
512 2565 720 2640 ἐπεισελθοὶν
734 2563 752 2637 ὁ
766 2566 904 2657 στρατὸς
917 2568 1026 2637 πάντα
1039 2595 1075 2638 τε
1089 2567 1257 2658 διαρπάση

299 2677 354 2745 καλ
366 2672 582 2754 κατασκάψας
594 2668 657 2761 τὴν
670 2669 770 2739 πόλιν
782 2670 968 2758 μηλόβοτον
981 2671 1038 2739 καλ
1057 2676 1183 2760 ἔρημον
1194 2667 1257 2759 τὴν
1287 2703 1289 2706 ·

299 2777 413 2870 χάραν
425 2782 625 2867 καταλείπη·
640 2768 796 2863 οὐδὲγάρ
810 2770 919 2853 άλλως
933 2769 1025 2867 αὐτῷ
1038 2772 1100 2862 την
1112 2775 1168 2844 ἐπὶ
1177 2769 1257 2843 Ῥό-

299 2910 364 2972 μην
379 2879 465 2953 ὁδὸν
482 2875 633 2970 εὐπρεπῆ
646 2878 704 2947 καὶ
720 2880 858 2961 ἔνδοξον
871 2884 1020 2966 ἔσεσθαι,
1033 2875 1078 2967 μὴ
1093 2884 1151 2966 τῆς
1162 2878 1256 2966 πρεό·

299 3014 355 3076 της
380 2988 420 3057 ἐν
447 2979 568 3076 Ἰταλία
599 2979 727 3062 πόλεως
756 2978 953 3069 άντιστάσης
983 2988 1254 3071 καθαιρεθελσης.

267 3087 501 3178 θὺποσχέσεσί
513 3114 549 3156 τε
562 3075 626 3155 οὖν
643 3089 782 3173 δωρεῶν
795 3087 852 3155 καλ
870 3085 1023 3174 δεήσεσιν
1036 3081 1137 3166 αὐτός
1148 3112 1185 3155 τε
1198 3086 1255 3154 καὶ
1267 3106 1285 3159 9

298 3191 315 3264 ὁ
329 3193 405 3274 υίὸς
417 3187 541 3279 αὐτοῦ,
556 3184 598 3257 όν
609 3187 785 3277 πεποιήκει
797 3195 962 3277 Καίσαρα,
971 3189 1185 3277 περιθέοντες
1197 3193 1255 3258 ἴπ-

298 3324 373 3379 ποις
386 3293 623 3383 ἐποχούμενοι,
636 3287 697 3361 τὸν
711 3290 854 3381 στρατόν
873 3289 1056 3363 ἀνέπειθον
1069 3298 1265 3381 λιπαροῦν-,,

299 3428 350 3482 τες
363 3403 398 3481 ἐς
414 3404 614 3490 προθυμίαν
626 3423 662 3465 τε
675 3397 869 3485 ἐγείροντες.
896 3400 933 3465 ολ
943 3395 982 3466 δέ
999 3391 1188 3484 Ἀκυλήσιοι
1200 3402 1254 3465 λί-
1367 3451 1371 3457 .

299 3514 374 3585 θοις
388 3529 426 3573 τε
438 3508 582 3590 ἔβαλλον
595 3495 741 3586 άνωθεν,
762 3500 819 3569 καλ
836 3504 1018 3587 κιρνάντες
1035 3504 1120 3590 θείην
1139 3525 1176 3569 τε
1196 3501 1254 3577 καλ

268 3604 458 3699 δάσφάλτηο
477 3610 597 3675 πίτταν
620 3599 734 3671 ἔλαιόν
752 3628 805 3691 τε,
825 3608 950 3683 κοίλοις
968 3599 1124 3671 σκεόεσιν
1149 3604 1253 3690 ἐμβα-

299 3711 412 3791 λόντες
427 3706 533 3797 λαβάς
547 3704 716 3795 ἐπιμήκεις
737 3710 852 3797 έχουσι
865 3705 925 3778 καὶ
937 3703 1180 3797 πυρώσοντες,
1190 3699 1267 3787 ’ἴτρια

290 3820 337 3899 τρῖ
338 3810 586 3897 προσπελάζειν
592 3826 666 3897 τοίς
671 3817 803 3907 τείχεσι
815 3810 881 3892 τὸν
894 3800 1297 3911 στρατοναατεσαεδαυ-

1074 3926 1148 3991 W*
