3134 4367
683 407 861 492 οεοτον
1224 407 1244 469 ο

390 576 532 669 “κοινην
545 578 636 651 εἶναί
653 607 708 669 μοι
722 578 805 671 πρός
823 575 909 669 ῦμάς
921 577 983 669 τὴν
996 584 1050 654 ἐπὶ
1062 596 1132 663 τοῖς
1143 610 1244 652 κατα·
1257 589 1275 643 3

291 690 456 774 λαβοῦσιν
474 681 661 774 άλγηδόνα,
680 685 737 752 καί
762 686 869 773 μηδέν
892 711 925 752 τι
944 673 1042 772 ἦττον
1059 682 1145 775 ῦμάς
1165 688 1246 776 ἐμοῦ

291 794 495 879 δυσφορεῖν,
510 785 654 878 ἐμαυτόν
666 784 812 877 ἀκριβῶς
825 789 976 857 πέπεικα.
1013 786 1169 880 οὐδὲγάρ
1184 815 1243 861 πε-

292 892 423 982 ριόντος
450 919 506 981 μοι
532 896 594 962 τοῦ
616 888 739 981 πατρός
759 900 973 961 πλεονεκτεῖν
998 887 1093 981 ὑμῶν
1117 890 1244 982 ἠξίουν.

259 1020 274 1062 ε
291 1000 420 1077 ἐκεῖνος
432 991 496 1084 γάρ
511 995 636 1075 πάντας
648 990 733 1084 ἡμᾶς
747 989 792 1075 ῦς
805 998 865 1065 ἕνα
878 990 999 1083 ἠγάπα.
1032 1002 1141 1085 ἔχαιρε
1161 1001 1247 1084 γοῦν

290 1105 419 1189 μᾶλλον
432 1098 680 1189 συστρατιώτην
693 1125 734 1186 με
747 1092 768 1187 ἢ
782 1096 859 1168 υίόν
876 1103 1006 1168 καλοῦν·
1027 1096 1089 1187 τὴν
1107 1099 1169 1188 μδν
1181 1097 1246 1188 γάρ

290 1207 519 1292 προσηγορίαν
546 1197 660 1291 ἡγεῖτο
681 1200 829 1290 φάσεως,
848 1200 910 1291 τὴν
929 1198 964 1271 δ’
987 1199 1105 1292 ἀρετῆς
1124 1229 1245 1272 κοινω-
1304 1214 1306 1219 ’

289 1314 379 1376 νίαν.
395 1307 510 1395 φέρων
522 1307 560 1375 τέ
571 1332 611 1395 με
624 1304 782 1386 πολλάκις
793 1312 841 1375 ἐτι
854 1304 976 1395 νηπιον
989 1302 1069 1375 όυτα
1082 1322 1153 1387 ταῖς
1165 1299 1246 1393 ῦμε-

289 1412 401 1499 τέραις
416 1411 595 1498 ἐνεχείρισε
608 1417 748 1479 πίστεσι.
802 1409 919 1500 διόπερ
938 1411 994 1479 καί
1015 1413 1120 1501 ῥᾷστα
1141 1408 1276 1496 πάσηςο

249 1531 274 1573 ¹⁰
292 1510 427 1593 εὐνοίας
445 1514 600 1601 μεθέξειν
619 1510 701 1603 πρός
722 1508 819 1602 ὑμῶν
837 1509 979 1602 ἤλπικα,
998 1519 1066 1583 τῶν
1084 1512 1146 1601 μὲν
1165 1538 1246 1601 πρε·

289 1617 465 1706 σβυτέρων
472 1615 612 1705 τροφεῖά
625 1643 680 1706 μοι
687 1621 793 1685 ταῦτα
806 1611 1023 1705 ὀφειλόντων,
1031 1614 1110 1697 τοῦς
1124 1614 1156 1686 δ’
1172 1612 1244 1705 ἡλι-

289 1718 412 1800 κιοότας
433 1718 569 1800 εἰκότως
594 1714 637 1789 άν
661 1721 718 1789 καί
736 1716 963 1808 σνμφοιτητάς
981 1724 1050 1789 τῶν
1070 1721 1107 1789 έν
1133 1716 1249 1799 ὅπλοις

290 1829 400 1911 ἔργων
414 1817 635 1911 άποκαλοίην·
651 1821 776 1903 πάντας
790 1821 853 1914 γάρ
873 1818 958 1912 ἡμᾶς
977 1817 1022 1902 ὥς
1034 1825 1094 1893 ἕνα
1108 1817 1126 1890 ό
1140 1819 1248 1911 πατὴρ

290 1927 399 2014 ἐφίλει
425 1951 461 1995 τε
488 1927 544 1995 καί
564 1931 675 1996 πάσαν
693 1922 817 2017 άρετὴν
838 1930 1027 1996 ἐπαίδευεν.
1079 1932 1184 1997 ἐδοκε
1207 1925 1276 1996 δὲο

248 2051 275 2094 ιε
291 2025 363 2118 μετ’
385 2031 517 2099 ἐκεῖνον
543 2030 599 2119 ἐμὲ
624 2032 762 2118 βασιλέα
788 2026 809 2119 ἡ
834 2026 933 2119 τόχη,
956 2026 1018 2099 οῦκ
1039 2032 1246 2117 ἐπείσακτον,

290 2129 404 2222 ὥσπερ
425 2136 460 2202 οί
479 2130 543 2222 πρὸ
564 2136 644 2258 ἐμοῦ
669 2132 863 2227 προσκτήτμ
888 2131 1131 2223 σεμνυνόμενοι
1151 2129 1247 2222 ἀρχῇ,

289 2233 375 2305 ἄλλά
392 2234 494 2324 μόνος
513 2262 549 2305 τε
568 2230 650 2326 ῦμίν
668 2235 733 2323 ἐγώ
754 2238 792 2306 ἐν
811 2252 879 2317 τοῖς
898 2233 1116 2325 βασιλείοις’
1098 2234 1245 2326 απεκυη-

289 2350 378 2428 θην,
401 2336 518 2408 καί
472 2368 521 2461 μη
542 2342 748 2429 πειραθέντα
767 2367 809 2428 με
837 2345 1017 2410 ίδιωτικῦν
1043 2339 1248 2429 σπαργάνων

289 2439 357 2531 ῦμα
378 2447 426 2535 τῷ
446 2447 504 2532 τῆς
523 2441 664 2532 γαστρός
681 2439 901 2532 προελθεῖν
883 2473 903 2532 η
925 2450 1093 2532 βασίλειος
1114 2445 1246 2525 ἐδέξατο

246 2577 275 2619 κο
290 2544 478 2717 πορφύρα,ἰ
482 2540 566 2672 ὁμου
552 2549 626 2616 δέ
642 2575 683 2636 με
701 2544 828 2617 εἶδεν“
806 2556 898 2637 ηλιος
911 2544 1095 2635 άνθρωπον
1114 2547 1170 2614 καί
1183 2552 1244 2633 βα-

288 2649 393 2719 σιλέα.
446 2648 581 2729 εἰκότως
595 2644 638 2719 άν
650 2640 714 2719 οῦν
730 2655 835 2718 ταῦτα
854 2648 1058 2737 λογιζόμενοι
1077 2648 1275 2735 στέργοιτεδ

288 2749 330 2822 οῦ
351 2751 498 2821 δοθέντα
516 2748 599 2841 ῦμῑν
624 2748 707 2822 άλλά
728 2753 938 2839 γεννηθέντα
956 2747 1194 2839 αὐτοκράτορα.
1228 2744 1246 2819 ό

288 2851 428 2945 μὲνγὰρ
449 2852 557 2945 πατὴρ
576 2858 610 2937 ἐς
629 2852 776 2944 οὐρανόν
794 2851 942 2935 άναπτάς
961 2851 1086 2935 ὀπαδός
1105 2852 1170 2944 ἤδη
1190 2854 1248 2923 καὶ

288 2956 453 3047 σόνεδρός
467 2960 535 3028 ἐστι
547 2964 657 3029 θεῶν·
677 2955 758 3049 ἡμίν
771 2958 808 3028 δέ
821 2956 883 3049 χρὴ
904 2959 1018 3047 μέλειν
1039 2964 1108 3028 τῶν
1126 2961 1164 3027 ἐν
1185 2952 1246 3026 άν-

247 3086 274 3129 νε
290 3061 443 3152 θρόνοις
456 3063 512 3131 καί
525 3059 565 3132 τό
579 3065 633 3133 ἐπὶ
653 3069 713 3153 γῆς
728 3068 878 3132 διοικεῖν.
905 3067 1097 3151 κατορθοῦν
1111 3060 1147 3131 δὲ
1162 3056 1248 3130 αῦτά

288 3166 346 3235 καὶ
359 3168 522 3253 βεβαιοῦν
534 3161 697 3257 ὑμέτερον
715 3174 833 3256 ἔργον,
854 3171 885 3235 εί
903 3164 945 3235 τά
963 3192 999 3235 τε
1018 3171 1079 3235 τοῦ
1098 3166 1247 3254 πολέμου

289 3269 434 3351 λείψανα
456 3268 538 3357 μετά
559 3269 665 3358 πάσης
687 3268 844 3359 άνδρείας
864 3265 1083 3352 άπαλείψαιτε
1104 3270 1161 3338 καί
1183 3264 1247 3356 την

285 3367 456 3459 Ῥωμαίων
469 3368 576 3462 άρχὴν
588 3377 700 3463 μέχρις
714 3371 865 3443 ὠκεανοῦ
880 3371 1111 3463 προαγάγοιτε.
1163 3366 1246 3461 ῦμίν
1259 3384 1275 3441 7

288 3502 326 3545 τε
339 3473 403 3565 γάρ
416 3480 521 3544 ταῦτα
536 3474 636 3558 δόξαν
655 3487 755 3563 οίσει,
776 3478 833 3545 καί
846 3473 908 3564 τὴν
921 3481 980 3544 τοῦ
993 3482 1110 3547 κοινοῦ
1124 3470 1248 3563 πατρὸς

248 3595 274 3639 ³⁰
290 3576 426 3668 μνήμην
437 3578 570 3669 χάρισιν
583 3575 688 3661 άξίαις
700 3576 806 3660 οὕτως
819 3575 1020 3667 άμείιγεσθε,
1040 3576 1080 3650 δν
1101 3573 1244 3648 ἐπακοῦ-

289 3709 343 3753 ειν
355 3707 391 3751 τε
404 3683 672 3773 τόνλεγομένων
680 3685 736 3753 καί
744 3680 785 3751 τά
793 3681 1002 3772 πραττόμενα
1015 3686 1141 3772 ἐφοράν
1152 3674 1245 3767 ἡγεί-

290 3795 364 3855 σθε.
393 3781 671 3878 εὐδαιμονοίημεν
684 3784 715 3859 δ’
732 3780 775 3858 άν
788 3784 830 3859 τόι
845 3787 968 3860 δέοντα
976 3785 1186 3879 πράττοντες
1195 3776 1271 3850 *mco
