3134 4367
362 441 381 502 6
739 438 918 499 ΠΡΩΤΟΝ

360 610 472 702 μνήμη
487 616 554 681 τῶν
568 612 606 680 ἐν
618 610 749 701 νεότητι
763 617 938 700 βασιλείαν
952 610 1226 702 παραλαβόντων,
1235 616 1313 679 τοῦ·

360 742 398 785 το
417 716 478 805 μὲν
501 720 686 784 Διονυσίου
703 721 764 784 τοῦ
782 715 991 785 Σικελιώτου
1004 714 1185 804 τυράννου,
1201 710 1237 795 ὃς
1250 712 1316 783 άπὸ

360 824 419 907 τής
433 816 518 906 άγαν
531 814 691 908 ἀκρασίας
703 816 821 899 καινάς
842 815 965 907 ήδονάς
987 819 1042 888 ἐπὶ
1066 824 1232 906 μεγίστοις
1259 846 1314 905 μι-

363 932 462 1002 σθοῖς,
483 924 643 1011 ἐθηρᾶτο,
672 927 771 991 τοῦτο
795 922 832 991 δὲ
854 927 893 991 αλ
911 927 980 990 τῶν
999 918 1219 1012 Ἀλεξάνδρου
1240 927 1314 990 διαν

363 1024 472 1113 δόχων
490 1027 524 1105 ἐς
542 1022 620 1104 τούς
640 1020 810 1114 ὑπηκόους
827 1022 943 1116 ὕβρεις
959 1052 994 1094 τε
1014 1026 1070 1094 καί
1090 1030 1178 1113 βίαι,
1197 1020 1243 1093 δι’
1265 1014 1313 1093 ῶν
1332 1050 1346 1088 5

331 1125 423 1217 δτήν
436 1131 568 1197 ἐκείνου
581 1124 685 1218 άρχήν
704 1128 933 1218 κατῄσχυναν,
955 1136 1161 1217 Πτολεμαῖος
1180 1127 1242 1216 μὲν
1261 1128 1318 1195 καὶ

361 1233 474 1321 μέχρις
499 1227 646 1319 ἀδελφῆς
669 1236 757 1312 ἰδίας
780 1238 902 1321 ἔρωτος
928 1230 1144 1322 προχωρήσας
1165 1230 1256 1319 παρά
1282 1257 1318 1299 τε

360 1332 439 1415 τούς
451 1333 664 1405 Μακεδόνων
678 1337 734 1405 καί
743 1331 911 1425 Ἑλλήνων
927 1333 1067 1425 νόμους,
1078 1330 1266 1422 Ἀντίγονος
1280 1332 1317 1401 δὲ

361 1437 533 1507 Διόνυσον
546 1436 654 1507 πάντα
667 1437 887 1528 μιμούμενος,
907 1440 964 1507 καὶ
977 1435 1093 1507 κισσόν
1106 1437 1168 1527 μὲν
1188 1462 1314 1526 περιτι-

362 1542 437 1621 θεὶς
450 1546 490 1630 τῇ
509 1547 639 1630 κεφαλή
658 1539 732 1611 ἀντὶ
745 1547 886 1623 καυσίας
904 1543 961 1611 καί
975 1541 1176 1630 διαδήματος
1195 1548 1314 1609 Μακε-
1335 1559 1361 1600 1⁰

331 1648 511 1731 λδονικοῶ,
532 1643 664 1733 δόρσον
685 1645 723 1714 δὲ
743 1642 818 1715 άντλ
842 1644 1013 1736 σκήπτρου
1034 1647 1158 1734 φέρων.
1213 1649 1260 1712 ἔτι
1281 1642 1319 1711 δὲ

362 1749 418 1817 καὶ
437 1752 564 1836 μάλλον
577 1744 681 1818 αὐτόν
694 1748 810 1818 ἐλύπει
820 1747 861 1819 τά
870 1746 914 1838 μή
928 1746 993 1839 πρὸ
1007 1740 1134 1818 πολλοῦ
1149 1742 1216 1816 άλλ’
1232 1742 1316 1815 ὑπό-

362 1878 447 1939 γυον
461 1856 577 1938 ἔχοντα
592 1848 655 1940 τήν
668 1851 819 1941 μνήμην,
833 1852 874 1922 τά
889 1879 926 1921 τε
940 1854 1076 1941 Νέρωνι
1090 1852 1318 1940 πεπραγμένα,

255 1965 258 1984 “
362 1950 398 2034 ὃς
412 1952 556 2044 ἐχάρησε
569 1956 663 2045 με’χρι
676 1954 832 2050 μητρῴου
845 1954 955 2044 φόνου
969 1956 1108 2044 παρεῖχέ
1126 1981 1162 2023 τε
1175 1968 1243 2032 τοῖς
1258 1953 1317 2041 δή-

362 2084 436 2147 μοις
456 2054 576 2127 ἑαυτὸν
597 2061 843 2146 καταγέλαστον
856 2059 985 2146 θέαμα,
1005 2057 1046 2127 τά
1063 2084 1100 2127 τε
1119 2061 1317 2148 Δομετιανῷ
1336 2083 1361 2122 ιε

363 2161 595 2250 τετολμημένα,
609 2167 667 2251 τής
680 2161 815 2250 ἐσχάτης
829 2156 993 2250 ὠμότητος
1006 2157 1108 2231 οὐδὲν
1116 2156 1316 2230 άπολείπον·

287 2269 290 2278 '
332 2281 349 2334 5
363 2291 414 2334 τα.
464 2262 618 2345 τοιαότας
632 2262 673 2353 δή
687 2270 887 2355 τυραννίδος
901 2263 1031 2344 εἰκόνας
1043 2259 1319 2350 ὑποτυποόμενος

362 2370 485 2438 ἐδεδίει
496 2392 533 2436 τε
547 2370 604 2437 καί
621 2366 767 2457 ήλπιζεν.
789 2364 830 2437 οὐ
849 2373 990 2458 μετρίως
1005 2364 1035 2437 δ’
1052 2364 1157 2436 αότόν
1180 2365 1316 2454 ἐτάρατ-

361 2498 421 2542 τον
440 2472 498 2541 καλ
515 2476 550 2542 οἱ
564 2472 732 2561 Γερμανοὶ
749 2477 975 2557 γειτνιῶντες,
996 2466 1055 2550 οὕς
1075 2465 1209 2539 οόδέπω
1231 2466 1316 2537 πάν-

361 2600 420 2657 τας
433 2577 643 2666 ἐκεχείρωτο,
657 2570 742 2647 άλλά
761 2571 840 2655 τοῶς
858 2574 921 2663 μὲν
940 2584 1055 2644 πειθοῖ
1075 2575 1108 2653 ἐς
1126 2577 1316 2661 συμμαχίαν
1334 2598 1361 2640 ιο

363 2676 608 2769 προσηγάγετο,
631 2682 700 2748 τῶν
718 2678 755 2747 δὲ
773 2679 830 2748 καλ
848 2677 1014 2769 κρατήσας
1034 2667 1078 2767 ήν
1099 2691 1168 2756 τοῖς
1188 2672 1317 2755 ὅπλοις·

363 2773 449 2872 ήσαν
463 2782 503 2850 δέ
512 2806 601 2861 τινες
615 2788 649 2850 οἳ
667 2781 864 2871 διαδράντες
877 2780 960 2871 πρὸς
972 2779 1010 2850 τό
1027 2777 1135 2869 παρόν
1148 2775 1317 2866 άνακεχω-

364 2884 509 2976 ρήκεσαν
522 2885 591 2953 δέει
599 2888 657 2971 τῆς
671 2892 855 2972 παρουσίας
868 2884 1022 2955 τοιοότου
1031 2885 1202 2971 βασιλέως.
1225 2878 1318 2952 ὑπιό-

364 3014 488 3059 πτευεν
503 2977 566 3055 οὖν
584 2982 628 3074 μή
650 2990 708 3074 τής
724 2981 856 3074 ήλικίας
877 2992 938 3057 τοῦ
957 2992 1132 3076 μειρακίου
1149 3011 1318 3076 καταφρο-

363 3091 524 3181 νήσαντες
538 3091 723 3159 ἐπιθῶνται
733 3084 825 3184 αὐτῷ
834 3110 842 3125 ·
864 3093 924 3182 ἐρᾷ
936 3087 999 3180 γάρ
1020 3087 1057 3157 τό
1077 3087 1250 3180 βάρβαρον
1262 3089 1319 3157 καὶ
1335 3121 1361 3161 τε

336 3195 421 3265 4ἐπλ
432 3207 505 3274 ταῖς
516 3191 693 3281 τυχούσαις
710 3188 876 3283 άφορμαῐς
898 3197 1003 3285 ῥᾷστα
1022 3204 1203 3264 κινεῖσθαι.
1256 3219 1317 3260 κυ-

367 3303 553 3388 μαίνουσαν
566 3286 629 3366 οὖν
647 3302 733 3384 ἔχων
745 3296 922 3377 τοσαύταις
941 3303 1095 3387 φροντίσι
1113 3295 1176 3386 τήν
1195 3295 1318 3384 ψυχήν,

367 3401 573 3489 συγκαλέσας
584 3396 663 3480 τοός
676 3406 795 3488 φίλους
808 3397 880 3470 ὅσοι
892 3427 929 3470 τε
942 3407 1097 3491 παρήσαν
1115 3405 1184 3469 τῶν
1196 3417 1317 3486 συγγε-

366 3509 448 3591 νῶν,
463 3500 591 3572 καλτόν
611 3509 715 3573 παῖδα
735 3504 1045 3595 παραστησάμενος,
1062 3498 1177 3589 ἐπειδή
1197 3501 1319 3583 πάντες

367 3602 665 3698 συνήλθον,ήσυχή
674 3612 734 3677 τοῦ
748 3613 929 3697 σκίμποδος
937 3614 1101 3698 κουφίσας
1115 3602 1234 3674 ἑαυτὸν
1246 3634 1315 3675 τοι·
1335 3637 1362 3678 εο

368 3711 478 3781 οότων
491 3709 601 3797 λόγων
615 3707 745 3799 ήρξατο.

221 3769 253 3881 Ι
310 3810 339 3853 2
453 3807 645 3895 ἥδεσθαι
656 3814 728 3903 μὲν
740 3808 829 3907 όμάς
842 3811 897 3905 ἐφ’
913 3808 963 3896 οἱς
976 3808 1075 3904 ὁρᾶτέ
1094 3838 1133 3901 με
1148 3816 1315 3900 διακείμε-
