3134 4367
654 437 876 496 ΠΕΜΠΤΟΝ
1187 436 1247 498 139

289 607 477 696 νοούμενοι.
493 602 511 675 ό
526 606 564 676 θλ
579 611 681 695 δῆμος
691 608 901 696 ἑκατέρωθεν
915 608 1055 694 παρέθει
1070 608 1152 698 μετὰ
1161 637 1247 680 παν-

289 717 436 799 τοδαπῆς
445 715 635 800 δᾳδουχίας,
646 709 833 797 στεφάνους
841 710 897 778 καλ
907 706 997 797 ἄνθη
1010 714 1247 801 ἐπιρριπτούν-

289 837 359 895 τες·
377 811 549 901 άγάλματά
562 840 598 882 τε
612 813 746 882 πάντων
759 819 870 899 θεῶν,
892 814 950 881 καλ
970 822 1004 882 ελ
1020 841 1051 882 τι
1070 817 1246 899 πολυτελὲς

290 916 450 1004 ιἰνάθημα
464 928 589 1004 τίμιον,
604 912 665 985 ὅσα
684 943 719 984 τε
733 922 791 1003 τῆς
803 922 974 1004 βασιλείας
987 916 1137 1005 σύμβολα
1151 915 1172 1006 ἦ
1185 947 1248 989 πο-

264 1044 275 1083 ε
291 1027 413 1107 λυτελῆ
428 1020 597 1108 κειμήλια,
611 1025 693 1088 οἵτε
710 1025 819 1098 ἱππεῖς
838 1020 895 1087 καλ
914 1018 1053 1109 στρατός
1070 1028 1133 1101 πᾶς
1146 1048 1247 1108 προε-

290 1124 465 1210 πόμπευον
484 1129 544 1191 τού
557 1129 654 1190 θεοῦ.
704 1122 787 1211 μετὰ
806 1121 844 1191 δὲ
864 1120 902 1191 τό
922 1139 1124 1211 καταγαγεῖν
1144 1120 1247 1193 αὐτὸν
1264 1141 1281 1194 9

289 1229 346 1295 καλ
369 1231 505 1314 ίιλρύσαι
525 1229 625 1316 ἐντῷ
644 1232 715 1317 ναῷ
735 1225 793 1307 τάς
811 1252 847 1294 τε
867 1229 1109 1315 προειρημένας
1128 1234 1251 1306 θυσίας

290 1331 347 1398 καλ
368 1328 573 1416 πανηγύρεις
594 1329 756 1414 ἐπετέλει,
777 1327 927 1416 πύργους
946 1356 982 1398 τε
998 1337 1175 1417 μεγίστους
1195 1332 1252 1399 καὶ

291 1429 523 1520 ὑψηλοτάτους
536 1427 802 1518 κατασκευάσας,
817 1428 923 1499 άνιιόν
938 1459 973 1501 τε
987 1429 1040 1502 ἐπ’
1057 1430 1181 1519 αὐτοῖς,
1196 1436 1252 1520 ἐρ-

257 1552 277 1592 ¹⁰
293 1543 403 1624 ρίπτει
417 1550 485 1614 τοῖς
499 1530 626 1622 όχλοις,
642 1530 800 1622 ἁρπάζειν
814 1541 916 1603 πᾶσιν
929 1537 1126 1623 ἐπιτρέπων,
1141 1536 1249 1606 ἐκπά-

292 1637 381 1726 ματά
404 1666 440 1706 τε
462 1643 569 1724 χρυσᾶ
591 1640 647 1707 καὶ
671 1635 804 1727 άργυρᾶ
824 1636 967 1723 ἐσθῆτάς
991 1665 1026 1706 τε
1050 1641 1106 1708 καλ
1126 1636 1251 1719 ὀθόνας

292 1739 526 1828 παντοδαπάς,
542 1740 608 1831 ζῷά
623 1768 658 1810 τε
678 1739 803 1827 πάντα,
824 1735 886 1809 ὅσα
899 1735 1006 1828 ἥμερα
1020 1737 1082 1810 ὅσα
1096 1738 1251 1828 άτίθασα,

293 1842 382 1933 πλὴν
401 1850 542 1931 χοίρων·
557 1842 686 1912 τούτων
705 1841 769 1933 γάρ
792 1840 944 1930 ἀπείχετο
959 1851 1129 1913 Φοινίκων
1148 1844 1250 1937 νόμῳ.

294 1950 331 2017 ἐν
347 1945 389 2034 δὴ
405 1962 476 2026 ταῖς
489 1942 653 2034 ἁρπαγαῖς
667 1948 783 2016 πολλολ
798 1951 1045 2035 διεφθείροντο,
1064 1944 1130 2018 ὑπό
1145 1977 1180 2018 τε
1193 1945 1254 2017 ιἰλ-
1270 1961 1306 2015 10

256 2067 278 2108 15
294 2050 408 2139 λύλων
428 2051 629 2137 πατούμενοι
649 2052 705 2118 καλ
727 2065 796 2130 τοῖς
817 2050 936 2138 δόρασι
954 2058 1022 2119 τῶν
1041 2059 1254 2138 στρατιωτῶν

293 2160 565 2242 περιπίπτοντες,
581 2150 625 2235 ὡς
638 2151 699 2241 τὴν
712 2156 843 2223 ἐκείνου
858 2152 978 2241 ἑορτὴν
993 2162 1127 2236 πολλοῖς
1137 2157 1255 2244 φέρειν

293 2256 486 2346 συμφοράν.
523 2253 624 2336 αὐτὸς
644 2257 681 2325 θλ
708 2259 862 2344 ἑβλίπετο
884 2256 1041 2337 πολλάκις
1067 2252 1255 2346 ἡνιοχάνῆ

294 2358 516 2450 ὀρχούμενος
532 2356 614 2429 οὐδὲ
629 2357 692 2449 γάρ
707 2360 892 2429 λανθάνειν
905 2356 1030 2448 η’θελεν
1044 2357 1253 2450 ἁμαρτάνων.

295 2461 416 2551 προῄει
438 2491 474 2532 τε
492 2459 772 2551 ύπογραφόμενος
798 2461 877 2544 τούς
903 2460 1102 2551 ὀφθαλμούς
1123 2465 1181 2532 καλ
1199 2459 1256 2541 τὰς

254 2587 280 2628 2⁰
297 2564 438 2655 παρειάς
470 2569 702 2654 ἐρυθραίνων,
730 2565 832 2653 φύσει
860 2593 896 2635 τε
923 2565 1104 2653 πρόσωπον
1132 2561 1256 2653 ὡραῖον

273 2697 278 2716 ε
296 2665 446 2758 ὑβρίζων
462 2677 586 2756 βαφαῖς
600 2665 790 2756 ἀσχήμοσιν.

401 2768 512 2859 ὁρῶσα
527 2771 564 2840 δὲ
579 2778 682 2840 ταῦτα
694 2766 715 2859 ἡ
729 2778 862 2856 Μαῖσα,
878 2765 1116 2838 ύποπτεύουσά
1129 2796 1165 2837 τε
1178 2767 1256 2849 τούς
1270 2780 1289 2837 7

298 2875 501 2964 στρατιώτας
521 2873 770 2962 άπαρίσκεσθαι
790 2879 836 2965 τῷ
855 2871 995 2964 τοιούτω
1014 2879 1074 2942 τοῦ
1096 2874 1258 2961 βασιλέως

299 2986 375 3071 βίμ,
386 2979 441 3045 καλ
457 2982 629 3047 δεδοικυῖα
638 2977 722 3067 μήτι
732 2981 865 3046 ἐκείνου
875 2974 1043 3056 παθόντος
1053 2976 1154 3045 πάλιν
1165 2981 1258 3045 ίιλιω-
1339 3039 1343 3043 .

678 3108 811 3168 κουφον
831 3075 938 3159 άλλως
958 3081 1015 3148 καλ
1034 3076 1166 3168 άφρονα
1179 3107 1258 3149 νεα-

300 3192 398 3268 νίαν,
414 3188 539 3253 θέσθαι
553 3183 631 3253 υίὸν
647 3182 803 3273 Καίσαρά
820 3211 855 3253 τε
877 3179 1049 3265 άποιλεῖξαι
1063 3181 1123 3252 τὸν
1136 3186 1258 3253 ἑαυτοῦ

299 3288 363 3377 μὲν
377 3284 518 3369 ἀνεψιὸν
536 3291 664 3376 ἐκείνης
679 3287 716 3357 δὲ
731 3294 871 3376 ἔγγονον
884 3290 920 3355 ἐκ
939 3293 997 3373 τῆς
1016 3287 1127 3375 ἑτέρας
1146 3298 1259 3375 θυγα-
1340 3356 1348 3367 x

299 3389 379 3482 τρός
392 3398 592 3479 Μαμμαίας,
612 3398 750 3459 είπούσα
770 3386 862 3481 αύτῷ
877 3391 1112 3477 κεχαρισμένα,
1129 3386 1173 3470 ὡς
1195 3388 1289 3478 άραλ

300 3493 364 3584 χρὴ
382 3498 511 3563 ἐκεῖνον
525 3493 587 3581 μὲν
600 3500 640 3582 τῇ
655 3492 821 3581 ίερωσύνη
838 3493 895 3561 καλ
914 3499 1080 3584 θρησκείᾳ
1092 3491 1261 3579 σχολάζειν

258 3622 285 3663 εο
302 3605 364 3667 τοῦ
378 3604 482 3683 θεοῦ,
497 3603 666 3686 βακχείαις
679 3598 734 3664 καλ
755 3593 882 3684 ὀργίοις
895 3611 963 3675 τοῖς
977 3623 1012 3663 τε
1030 3603 1136 3675 θείοις
1152 3601 1262 3680 ἔργοις

302 3698 541 3788 ἀνακείμενον,
557 3698 643 3768 εἶναι
657 3700 695 3768 ιλλ
709 3701 824 3786 ἕτερον
838 3695 898 3767 τὸν
911 3696 951 3766 τὰ
965 3695 1162 3785 άνθράπεια
1176 3701 1263 3764 διοι·

303 3812 446 3890 κοῦντα,
462 3807 579 3898 ἐκείνμ
593 3802 632 3874 θλ
651 3803 840 3895 παρέξοντα
852 3807 913 3895 τῆς
929 3806 1104 3893 βασιλείας
1119 3796 1160 3864 το
1177 3794 1287 3861 θμευ-
