3134 4367
330 448 369 509 84
725 453 878 514 TPITON

328 623 473 713 σκληρὸν
486 631 542 714 τής
556 630 684 712 διαίτης
696 624 732 693 τό
745 653 780 695 τε
796 622 950 706 εὐπειθὲς
965 623 1047 712 πρὸς
1062 624 1140 708 τοὺς
1153 626 1276 708 πόνους

328 730 383 797 καὶ
397 724 558 798 εύτοικτον
570 724 640 815 μετ’
662 732 776 810 αίδοῦς
790 726 873 815 πρός
893 724 1052 816 ἀρχοντας
1064 731 1278 818 ἐπανέτρευε,

327 832 501 920 χρημάτων
514 858 550 900 τε
569 833 748 918 ἐπιθυμεῖν
761 828 894 913 διδάξας
907 833 963 900 καὶ
983 830 1179 920 μεταγαηῶν
1192 838 1226 913 ἐς
1239 832 1275 902 τό

327 931 550 1023 ἁβροδίαιτον.

294 1061 312 1115 6
427 1037 593 1124 διοικήσας
613 1035 651 1105 δέ
671 1042 793 1122 ταῦτα,
816 1032 860 1116 ῶς
880 1031 978 1126 ᾆίετο,
999 1032 1133 1124 ἀριστα,
1157 1046 1299 1106 κατελ-ο

325 1139 401 1210 θῶν
420 1144 452 1222 ἐς
471 1139 533 1228 τήν
552 1138 739 1227 σύγκλητον
759 1140 902 1228 βουλήν,
923 1135 1080 1208 άυελθῶν
1101 1167 1136 1208 τε
1164 1142 1199 1222 ἐς
1218 1139 1276 1210 τόν

324 1250 492 1332 βασίλειον
503 1241 646 1331 θρόνον,
663 1248 790 1330 πικρῶς
809 1241 1014 1340 κατηγόρησε
1034 1249 1102 1311 τῶν
1118 1239 1274 1331 Ἀλβίνου

324 1354 444 1435 φίλων,
460 1329 508 1414 ῶν
520 1346 582 1433 μὲν
597 1342 769 1425 ἐπιστολάς
781 1351 989 1433 προκομίζων
1003 1340 1223 1434 ἀπορρήτους,
1239 1342 1275 1425 ἀς

324 1454 361 1519 ἐν
386 1465 454 1530 τοῖς
479 1452 611 1518 ἐκείνου
638 1443 816 1527 ἀποθέτους
837 1437 915 1535 εύρε
937 1446 1144 1536 γράμμασιν,
1167 1444 1217 1529 οἷς
1239 1450 1275 1518 δὲ

324 1558 417 1641 δῶρα
438 1549 610 1636 ὀνειδίζων
636 1553 834 1638 πεμφθέντα
856 1555 973 1641 ἐκείνφ
995 1554 1273 1639 πολυτελέστερα·
1291 1580 1308 1619 ιι

323 1653 434 1737 ἀλλοις
447 1657 485 1725 δέ
499 1651 599 1736 ἀλλας
612 1657 781 1743 ἐπιφέρων
795 1660 915 1740 αίτίας,
929 1668 997 1734 τοῖς
1016 1654 1078 1741 μὲν
1099 1657 1132 1737 ἐξ
1154 1652 1274 1723 ἀνατο-

324 1765 383 1845 λής
396 1755 590 1844 ἀνθρώποις
603 1765 720 1846 φιλίαν
740 1758 916 1847 <Νίχρου>
932 1771 1001 1836 τοῖς
1021 1754 1054 1825 δ’
1077 1759 1132 1826 ἐπί
1147 1757 1273 1844 θάτερα

293 1868 449 1947 Ὶγυῶσιν
472 1858 643 1949 Ἀλβίνου,
666 1859 792 1939 πάντας
817 1857 897 1940 τούς
922 1861 1090 1945 ἐξέχοντας
1116 1861 1192 1929 τότε
1219 1868 1273 1949 τής

321 1962 509 2050 συγκλήτου
522 1968 644 2050 βονλής
652 1965 708 2031 καί
721 1960 798 2042 τούς
811 1960 895 2031 κατὰ
908 1968 992 2048 ἔθνη
1002 1962 1135 2055 πλούτῳ
1148 1959 1172 2051 ή
1185 1966 1272 2051 μένει

322 2062 541 2155 ὑπερέχοντας
559 2062 706 2153 ἀφειδῶς
726 2062 861 2155 άνήρει,
882 2061 926 2146 ῶς
947 2063 1009 2152 μὲν
1030 2082 1270 2154 προσεποιεῖτο,
1287 2083 1304 2124 ¹5

321 2174 529 2255 χαλεπαίνων
548 2166 630 2256 πρὸς
650 2167 806 2256 ἐχθρούς,
829 2167 866 2237 τό
887 2163 920 2237 δ’
944 2164 1083 2257 ἀληθές,
1102 2165 1272 2260 ύπερβαλ-

322 2271 443 2360 λούσης
467 2275 504 2340 ἐν
524 2268 614 2363 αύτῷ
633 2276 907 2358 φιλοχρηματίας
938 2267 1050 2351 ούδείς
1071 2279 1158 2358 γοῦν
1178 2280 1271 2362 βασι·

291 2378 409 2450 θλέων
442 2370 529 2443 ούτω
559 2374 734 2461 χρημάτων
759 2370 897 2462 ήττήθη.
950 2369 995 2453 ῶς
1020 2371 1085 2464 χάρ
1115 2385 1271 2467 καρτερία

319 2484 427 2567 ψυχῆς
439 2478 496 2547 καί
510 2473 700 2567 ἀνεξικακίᾳ
714 2476 828 2545 πόνων
848 2472 1010 2566 διοικήσει
1029 2504 1064 2546 τε
1078 2498 1270 2566 στρατιωτι-

319 2589 390 2651 κῶν
403 2581 603 2670 πραγμάτων
622 2576 761 2660 ούδενός
778 2586 847 2649 τῶν
868 2582 1118 2667 ἐπαινουμένων
1137 2578 1269 2651 ἀπελεί-
1282 2598 1302 2636 2⁰

319 2712 414 2771 πετο,
436 2682 541 2765 οὕτως
560 2688 598 2754 ἐν
614 2681 704 2776 αύτῷ
725 2684 896 2773 ἐπλήθυνε
915 2681 951 2752 τό
973 2683 1220 2774 φιλοχρήματον
1239 2689 1268 2767 ἐξ

319 2784 465 2873 ἀδικίας,
479 2794 595 2874 φονῶν
612 2790 648 2855 ἐκ
669 2794 726 2874 τής
745 2787 907 2874 τυχούσης
926 2792 1040 2867 αίτίας.
1055 2787 1166 2879 ,φόβῳ
1186 2796 1268 2877 γοῦν

290 2880 399 2978 9ήρξε
423 2896 547 2976 μᾶλλον
572 2896 641 2958 τῶν
658 2886 849 2976 ἀρχομένων
870 2884 892 2975 ή
912 2886 1038 2981 εὐνοίᾳ.
1091 2897 1137 2980 τῶ
1157 2893 1267 2979 μέντοι

319 2991 412 3083 δήμῳ
428 2994 580 3078 ἐπειρᾶτο
594 3006 701 3060 ποιεῖν
716 2993 948 3079 κεχαρισμένα·
963 2994 1021 3061 καί
1033 2989 1095 3082 γάρ
1109 2996 1193 3074 θέας
1208 3021 1266 3064 πο·

319 3102 465 3174 λυτελεῖς
477 3094 532 3162 καί
546 3092 757 3173 παντοδαπάς
776 3100 924 3181 συνεχῶς
944 3097 1105 3182 ἐπετέλει,
1125 3099 1184 3165 καὶ
1204 3107 1265 3184 θη-
1278 3121 1299 3163 υ

320 3204 404 3285 ρίων
425 3195 642 3277 ἑκατοντάδας
668 3192 778 3266 ἀνεῖλε
804 3197 962 3279 πολλάκις
981 3206 1049 3268 τῶν
1071 3195 1136 3268 ἀπὸ
1163 3200 1266 3286 πάσης

319 3307 379 3387 χής
394 3295 553 3389 ήμετέρας
565 3326 600 3369 τε
619 3300 675 3367 καί
688 3299 878 3389 βαρβάρου,
891 3300 995 3390 νομάς
1008 3329 1043 3371 τε
1056 3303 1266 3393 μεχαλοφρό

320 3430 387 3483 νως
400 3406 565 3472 ἐπεδίδου.
580 3405 749 3473 ἐπετέλεσε
763 3403 801 3474 δὲ
813 3406 869 3473 καὶ
883 3408 1046 3475 ἐπινίκιον
1055 3401 1180 3494 ἀγῶνα,
1192 3404 1265 3484 τούς

318 3505 528 3592 πανταχόθεν
541 3506 665 3594 μούσης
679 3534 713 3576 τε
726 3502 906 3594 ὑποκριτάς
918 3511 973 3578 καί
987 3504 1143 3597 ἀνδρείας
1156 3520 1265 3598 μαθη-

270 3634 305 3685 10
319 3606 375 3691 τὰς
387 3608 688 3697 μεταπεμψάμενος.
725 3616 858 3699 εῖδομευ
874 3611 911 3681 δέ
924 3608 977 3681 ἐπ’
993 3607 1098 3681 αὐτοῦ
1113 3615 1170 3681 καί
1184 3616 1262 3691 θέας
1277 3630 1297 3671 ³⁰

267 3730 285 3755 ¹·
291 3719 439 3782 1204τινῶν
451 3718 672 3783 παντοδαπῶν
685 3714 863 3802 θεαμάτων
876 3718 913 3785 ἐν
923 3721 1002 3783 πᾶσι
1010 3713 1164 3802 θεάτροις
1172 3711 1263 3804 ὁμοῦ,

230 3847 232 3860 ·
303 3814 502 3906 [ερουρχιθις
517 3819 623 3889 τεκαὶ
644 3822 849 3906 παννυχίδας
867 3820 1131 3899 ἐπιτελεσθείσας
1150 3822 1185 3899 ἐς
1203 3846 1264 3908 μν-
