3134 4367
379 409 416 468 10
760 407 938 469 ΠΡΩΤΟΝ

376 579 514 673 τοιούτῳ
529 578 681 669 μάρτυρι.
696 581 752 648 καὶ
765 576 806 648 τά
818 578 881 667 μὲν
894 578 1058 669 πρότερον
1071 575 1152 669 ύμῖν
1164 579 1326 672 ἀνδρείως

376 686 637 773 κατορθωθέντα
650 683 683 763 ἐς
696 680 757 771 τῆν
771 684 902 752 ἐκείνου
917 690 1040 772 σοφίαν
1053 711 1089 754 τε
1108 686 1164 754 καὶ
1185 705 1324 776 στρατη-

376 795 454 876 γίαν
467 784 528 875 τῆν
542 782 717 876 ἀναφοράν
731 792 812 873 ἔχει·
834 781 896 855 ὅσα
910 784 942 854 δ’
959 782 1001 855 ἀν
1021 786 1084 857 σύν
1105 789 1177 877 ἐμοὶ
1196 796 1329 877 βασιλεῖ

376 893 441 984 νέω
460 889 643 979 προθύμως
663 891 888 978 ἐπιδείξησθε,
908 888 1037 959 τούτων
1061 888 1124 980 τῆν
1143 891 1243 974 δόξαν
1269 899 1325 962 πί-

346 991 476 1075 8στειός
489 1021 525 1062 τε
538 990 667 1081 ἀγαθῆς
680 993 736 1061 καὶ
756 989 914 1084 ἀνδρείας
932 990 1124 1064 ἀποίσεσθε.
1177 995 1214 1064 τό
1232 1023 1268 1065 τε
1290 998 1351 1065 ἐνῠ

374 1093 455 1187 ῆμίν
474 1098 553 1167 νέον
571 1095 767 1185 σεμνότητος
788 1095 978 1185 πληρώσετε
1002 1103 1043 1187 τῆ
1063 1104 1131 1167 τῶν
1156 1094 1327 1188 ὑμετέρων

373 1206 482 1291 ἔργων
494 1197 716 1291 ἀνδραγαθίᾳ.
731 1197 768 1268 τό
778 1200 950 1290 βάρβαρον
960 1200 997 1269 δὲ
1012 1204 1048 1271 ἐν
1061 1198 1145 1293 ἀρχῆ
1157 1204 1234 1282 νέας
1246 1198 1324 1290 ῆγε·

373 1310 490 1394 μονίας
502 1302 669 1372 κολασθδν
683 1298 759 1371 ούτε
774 1305 807 1384 ἐς
822 1301 859 1373 τό
877 1301 986 1393 παρόν
1003 1305 1250 1395 ααταθαρσῆσει
1269 1310 1327 1394 τῆς

372 1404 778 1497 ῆλικίαςκαταφρονῆσαν,
787 1405 828 1476 τύ
840 1434 876 1476 τε
886 1409 1048 1495 μέλλοντα
1062 1407 1243 1499 φοβήσεται
1258 1410 1326 1481 δέει

372 1505 737 1598 τῶνπεπειραμένων.”
1344 1540 1368 1579 ιο

380 1614 384 1616 ’
473 1618 618 1682 τοσαῦτα
637 1608 655 1682 ὁ
674 1612 850 1702 Κόμμοδος
877 1612 998 1700 είπιόν,
1025 1615 1081 1683 καὶ
1100 1614 1325 1703 μεγαλόφροσι

373 1724 515 1808 δωρεαῖς
527 1714 703 1807 χρημάτων
716 1714 971 1804 οἰκειωσάμενος
978 1714 1016 1786 τδ
1030 1716 1277 1809 στρατιωτικόν,
1293 1720 1326 1797 ἐς

373 1819 435 1910 τῆν
448 1827 620 1909 βασίλειον
633 1822 826 1908 ἐπανῆλθεν
839 1816 957 1909 αύλῆυ.

344 1933 364 1994 6
476 1920 592 2009 ὀλίγου
611 1922 672 2011 μὲν
691 1912 754 1991 ούν
770 1920 860 2002 τινδς
878 1922 1001 2014 χρόνου
1021 1922 1129 1992 πάντοι
1149 1923 1325 2013 ἐπράττετο

372 2032 414 2117 τῆ
426 2025 542 2116 γνύμη
555 2031 624 2095 των
637 2024 803 2119 πατρῴων
816 2033 941 2114 φίλων,
956 2032 989 2095 οἳ
1008 2027 1206 2118 πανημέριοι
1219 2031 1322 2115 συνῆ·
1343 2053 1367 2093 ιε

372 2151 437 2201 σαν
450 2126 541 2222 αύτῷ
553 2127 593 2197 τά
605 2129 758 2216 βέλτιστα
776 2128 1077 2219 συμβουλεύοντες,
1092 2132 1148 2199 καὶ
1167 2134 1326 2201 τοσοῦτον

373 2232 562 2312 ἐνδιδόντες
573 2231 695 2320 χρόνον
714 2228 794 2301 ὅσον
813 2232 963 2320 ἐνόμιζον
981 2227 1129 2320 αύτύριιη
1152 2230 1234 2323 πρὸς
1257 2233 1324 2302 σω’-

373 2364 483 2427 φρονα
495 2340 555 2405 τού
568 2334 717 2425 σοι’ματος
731 2337 930 2423 ἐπιμέλειαν.
964 2334 1203 2426 παρεισδύντες
1217 2337 1258 2405 δέ
1273 2364 1323 2404 τι·

371 2467 428 2521 νες
440 2444 510 2509 τάν
523 2441 577 2508 ἐπὶ
585 2444 643 2528 τῆς
655 2436 758 2527 αύλῆς
766 2441 907 2508 οἰκετων
917 2444 1131 2528 διαφθείρειν
1144 2442 1325 2528 ἐπειρῶντο

372 2545 451 2614 νέον
468 2534 553 2631 ῆθος
574 2544 735 2631 βασιλέως
741 2593 752 2629 ,
771 2538 844 2611 ὅσοι
863 2568 899 2611 τε
917 2541 1056 2623 κόλακες
1075 2544 1248 2632 τραπέζης,
1267 2544 1324 2611 καὶ
1341 2563 1368 2604 2⁰

371 2645 409 2717 τό
430 2643 591 2735 εύδαιμον
613 2646 729 2734 γαστρὶ
755 2646 812 2714 καὶ
837 2660 905 2726 τοῖς
931 2651 1109 2733 αἰσχίστοις
1134 2650 1324 2737 μετροῦσιν,

371 2745 679 2839 ύπομιμνῆσκοντες
690 2743 802 2819 ἀὐτὸν
820 2755 878 2838 τῆς
900 2752 938 2819 ἐν
950 2746 1055 2839 Ῥώμη
1074 2754 1219 2839 τρυφῆς,
1240 2748 1323 2819 θεά-

371 2852 457 2942 ματά
473 2880 509 2922 τε
528 2853 584 2920 καὶ
601 2848 793 2939 ἀκούσματα
812 2851 937 2943 τερπυά
959 2851 1190 2941 διηγούμενοι,
1208 2852 1270 2942 τῆν
1288 2880 1325 2921 τε

370 2961 439 3026 τῶν
452 2958 650 3043 ἐπιτηδείων
671 2959 849 3036 δαψίλειαν
862 2960 1162 3045 καταριθμοῦντες,
1184 2954 1323 3044 διαβάλ-

371 3060 485 3139 λοντές
497 3086 533 3127 τε
547 3062 657 3126 πᾶσαν
665 3054 726 3145 τῆν
735 3057 790 3126 ἐπὶ
799 3073 870 3137 ταῖς
878 3051 996 3144 όχθοιις
1004 3063 1065 3127 τοῦ
1080 3055 1208 3148 Ἴστρου
1220 3056 1322 3149 ὤραν,
1339 3081 1366 3123 σε

372 3161 453 3253 μῆτε
472 3158 605 3250 ὀπώρας
626 3155 773 3249 εύφορον
793 3159 939 3251 κρυεράν
957 3188 993 3230 τε
1013 3158 1066 3231 ἀεὶ
1084 3163 1140 3232 καὶ
1158 3168 1322 3251 συννεφῆ.

338 3261 430 3343 ε’(ού
450 3258 578 3351 παύση”
594 3262 638 3349 ,δέ
659 3268 789 3349 ἐλεγον,
804 3253 854 3332 “ἀ
876 3266 1033 3350 δέσποτα,
1055 3265 1269 3355 πηγνύμενόν
1287 3292 1323 3334 τε

370 3358 427 3439 οιαὶ
440 3363 663 3456 ὀρυττόμενον
676 3374 786 3435 πίνων
799 3362 909 3457 ύδωρ;
930 3364 1024 3438 ἀλλοι
1039 3368 1076 3439 δέ
1096 3367 1323 3439 ἀπολαύσουσι

371 3475 489 3559 πηγῶν
508 3496 544 3538 τε
562 3474 701 3558 θερμῶν
719 3470 775 3538 καὶ
796 3475 927 3561 ψυχρού
951 3471 1094 3560 νύματος
1113 3469 1262 3559 ἀτμίδων
1286 3500 1322 3542 τε

370 3576 427 3646 καὶ
456 3570 565 3662 ἀέρων
593 3562 641 3642 ὧν
667 3568 787 3642 Ἰταλία
810 3572 895 3662 μόνη
920 3572 1095 3665 εύφορος;”
1115 3578 1252 3643 τοιαῦτα
1281 3576 1324 3666 δῆ
1339 3597 1365 3639 ευ

370 3705 447 3748 τινα
455 3682 507 3768 τω
519 3682 680 3767 μειρακίω
699 3671 968 3766 ύποτυπούμενοι
988 3676 1122 3768 ῆγειρον
1142 3673 1246 3746 αὐτοῦ
1265 3676 1323 3759 τάς

226 3817 253 3887 Ι
322 3747 613 3868 debebas-‘emb
624 3747 759 3871 ῆδονων
771 3783 966 3873 ἐπιθυμίαν.
1018 3786 1196 3869 αἰφνιδίως
1210 3781 1247 3851 δὲ
1259 3808 1319 3851 κα·
