3134 4367
573 408 852 500 Στειτειιοιιοε,
875 436 934 488 ιιι.
1197 445 1237 508 35

267 605 367 697 τηγός
379 633 429 688 τις
441 604 586 688 πολλούς
602 604 780 697 ὀρῶντοδς
788 614 968 697 πολεμίους
975 607 1075 692 αὐτὸς
1087 613 1236 687 ἐλάττοσι

268 709 486 800 στρατιώταις
498 711 632 799 μέλλων
644 710 861 782 κινδυνεύειν
874 714 1041 797 ἐξελέξατο
1050 717 1106 785 καί
1118 719 1234 807 ἐπετή-

267 818 368 882 δευσε
377 814 540 883 τοιούτων
553 818 722 900 ἐπιτυχεῖν
728 814 853 901 τόπων,
862 817 900 883 έν
909 810 989 903 ολςῆ
996 815 1087 906 παρά
1094 829 1232 909 ποταμί-

265 943 309 985 αν
328 911 441 1010 ὀφρύν
460 915 640 1006 ταξάμενος
658 913 846 987 ἀπωθεῖται
867 917 970 1006 ταύτῃ
984 917 1045 1007 τὴν
1063 919 1233 993 κύκλωσιν
1242 939 1275 991 79

263 1021 335 1086 ταῖν
352 1025 542 1106 πολεμίων,
563 1015 790 1107 ἢπαρύρειαν
810 1019 1024 1109 ἐκλεξάμενος
1037 1020 1151 1103 αύτοῖς
1164 1041 1233 1107 τοῖς

262 1116 379 1208 ὄρεσιν
387 1118 578 1191 ἀποκλείσει
586 1119 664 1201 τούς
676 1117 903 1211 ύπερκεράσαι
911 1127 1148 1213 βουλομένους,
1159 1122 1230 1197 ὀλί·

261 1248 345 1311 γους
359 1222 536 1311 ἐπιστήσας
557 1225 611 1293 ἐπὶ
625 1227 694 1292 των
706 1220 848 1312 ὑψηλῶν
860 1223 939 1303 τούς
952 1222 1231 1311 άποκωλύσοντας

260 1321 348 1412 ὑπὲρ
356 1322 509 1414 κεφαλὴν
517 1322 707 1413 ἀναβάντας
720 1332 898 1413 γίγνεσθαι
905 1324 984 1407 τοὺς
991 1337 1178 1418 πολεμίους.
1199 1343 1228 1403 4.

259 1424 302 1497 ού
315 1423 621 1516 μὴνηστρατηγικη
629 1426 792 1516 φρόνησις
801 1431 950 1497 ἐνταῦθα
958 1431 1228 1519 συλλαμβάνεται

258 1527 376 1619 μόνον,
384 1526 529 1599 ἀλλὰκαὶ
539 1526 660 1618 ἡτύχη·
672 1535 726 1598 δεῖ
737 1527 802 1619 γάρ
812 1533 981 1617 ἐπιτυχεῖν
990 1533 1152 1603 τοιούτων
1159 1562 1225 1622 χεο-

257 1638 353 1720 ρίων·
367 1628 409 1700 ού
420 1630 485 1721 γάρ
500 1628 592 1725 αύτῷ
605 1659 645 1720 γε
657 1631 974 1702 κατασκευάσασθαι
988 1634 1136 1705 δυνατὸν
1148 1636 1228 1718 τούς

257 1732 399 1814 τόπους·
413 1739 483 1803 τῶν
496 1731 605 1805 ὄντων
625 1737 739 1823 μέντοι
754 1733 832 1815 τούς
847 1731 1005 1823 ἀμείνους
1026 1739 1226 1821 ἐκλέξασθαι

255 1838 314 1906 καὶ
327 1833 406 1916 τούς
420 1844 638 1917 συνοίσοντας
653 1841 810 1926 ἐννοῆσαι
823 1843 1002 1927 φρονίμου.

310 1949 340 2008 5.
354 1938 521 2019 Πολλάκις
536 1937 569 2008 δ’
584 1939 747 2010 εἰώθασιν
760 1944 796 2009 οί
805 1940 932 2030 μεγάλῃ
948 1939 1090 2030 δυνάμει
1097 1944 1153 2011 καὶ
1161 1968 1221 2012 πο-

255 2037 415 2132 λυάνδρχα
436 2045 633 2131 κεχρημένοι
646 2041 823 2131 μηνοειδὲς
836 2048 945 2133 σχῆμα
958 2043 1155 2133 ποιήσαντες
1164 2049 1266 2135 τῆςὸο

253 2141 469 2231 παρατάξεως
483 2147 612 2214 ἐπιέναι
627 2154 826 2234 νομίζοντες,
842 2143 894 2215 ὅτι
907 2146 1132 2235 προσάγονται
1144 2146 1224 2229 τούς

253 2254 434 2334 πολεμίους
462 2249 519 2316 καὶ
546 2244 622 2316 κατ’
651 2245 761 2337 ἀνδρα
786 2250 1013 2336 βουλομένους
1037 2248 1223 2321 συνάπτειν

253 2348 326 2418 εἶτα
338 2346 422 2417 κατά
436 2346 474 2417 τδ
487 2345 687 2438 ἡμικύκλιον
709 2357 757 2430 είς
777 2344 859 2418 ὁδὸν
876 2352 1127 2438 κυρτουμένους
1141 2353 1218 2421 ἐνα-

251 2449 460 2538 ποληψονται
480 2456 528 2545 τῷ
548 2452 737 2540 περιέχοντι
751 2450 884 2543 κόλπῳ,
902 2449 961 2532 τάς
980 2456 1069 2532 ίδίας
1082 2460 1219 2542 κεραίας

251 2550 701 2640 έπισυνάπτοντεςάλλήλαις
709 2561 756 2634 είς
762 2552 890 2624 κύκλου
896 2558 1015 2643 σχῆμα.
1029 2562 1059 2624 6.
1068 2552 1151 2644 πρὸς
1158 2553 1258 2637 οδς81

248 2653 475 2727 ἀντιτακτέον
482 2647 626 2745 ούχιδδε·
639 2661 734 2747 τριχῇ
744 2656 781 2726 δέ
796 2653 918 2725 διελύν
931 2654 992 2745 τὴν
1006 2661 1098 2727 ίδίαν
1112 2656 1215 2727 δύνα-

248 2787 309 2848 μιν
328 2764 398 2827 των
421 2759 485 2847 μὲν
505 2765 602 2829 δυεῖν
620 2761 764 2854 ἑκατέρω
787 2760 880 2846 μέρει
901 2757 985 2829 κατὰ
1000 2760 1098 2844 κέρας
1112 2781 1214 2849 προσ-

247 2865 397 2949 βαλλέτω
409 2876 478 2943 τοῖς
491 2867 680 2951 πολεμίοις,
695 2866 743 2955 τῷ
755 2852 792 2930 δ’
808 2864 875 2947 ἑνί,
890 2877 961 2941 τοῖς
974 2868 1022 2941 είς
1033 2859 1093 2932 τδν
1112 2865 1216 2951 μέσον
1348 2877 1352 2883 ”

245 2963 375 3034 κόλπον
394 2969 456 3033 τοῦ
476 2968 675 3054 μηνοειδοῦς
695 2961 1092 3053 ἀντιπαρατεταγμένας,
1114 2968 1214 3035 ἐναν-

244 3073 315 3146 τίος
331 3065 454 3135 ἑστάτω
471 3070 526 3136 καὶ
541 3064 586 3156 μὴ
600 3070 788 3155 προαγέτω·
802 3063 825 3156 ἦ
837 3064 901 3156 γάρ
914 3070 1071 3155 μένοντες
1085 3069 1140 3136 ἐπὶ
1154 3073 1216 3137 τοῦ

243 3174 463 3249 κυκλοειδοῦς
473 3169 638 3258 σχήματος
645 3174 680 3239 ολ
690 3167 774 3239 κατά
788 3171 893 3259 μέσην
906 3166 969 3257 τὴν
989 3167 1145 3258 φάλαγγα
1159 3195 1211 3239 τε-

242 3274 401 3361 ταγμένοι
415 3277 483 3341 τάν
499 3276 633 3362 έχθρῶν
645 3269 811 3361 ἄπρακτοι
830 3271 937 3361 μηδέν
952 3275 1097 3360 δρῶντες
1118 3271 1210 3361 έστη-

242 3378 374 3462 ξουται,
394 3371 416 3464 ἦ
435 3375 610 3464 προιόντες
630 3381 678 3454 είς
699 3372 954 3463 τοῦμπροσθεν,
984 3379 1016 3443 εί
1035 3375 1211 3463 βούλοιντο

240 3476 405 3567 προάγειν
427 3474 650 3567 φαλαγγηδὸν
669 3483 717 3557 είς
731 3473 873 3547 εύθεῖαυ
888 3479 925 3546 έκ
939 3480 1000 3544 τοῦ
1019 3495 1208 3567 σιγματοει-

241 3586 322 3660 δοῦς
334 3577 537 3669 άπλούμενοι
552 3579 734 3668 σχήματος,
755 3575 919 3667 ἀλλήλους
931 3581 1130 3660 έκδλίιῖιουσι
1152 3583 1210 3646 καὶ

230 3684 374 3749 λύσουσι
388 3681 452 3769 τήν
462 3682 559 3765 τάξιν
567 3724 613 3735 -
625 3688 698 3754 τοῖν
711 3681 779 3775 γὰρ
794 3683 853 3754 ἐπὶ
860 3684 973 3774 κέρως
987 3682 1045 3758 ἐπὶ
1057 3675 1288 3765 τῆςυῖπῆὶᾫ

210 3780 394 3862 WO'WW
410 3785 530 3876 χώρας
548 3791 612 3861 καλ
631 3793 855 3885 μαχομένων
871 3786 946 3879 οὐχ
969 3781 1052 3857 οἷὸν
1065 3771 1167 3847 ‘cub
1177 3769 1267 3857 *mu-

1060 3890 1117 3954 «χιι
