3134 4367
667 387 889 449 ΔΕΤΊἙΡΟΝ
1214 388 1254 451 43

293 558 516 649 γραφέντων,
541 552 750 649 ὑπερήδοντο
776 559 914 647 πάντες,
936 560 1059 651 σεμνόν
1077 564 1134 631 καί
1154 558 1255 653 ήπιου

293 662 440 752 ἄρχοντα
453 663 509 732 καὶ
523 665 659 754 πατέρα,
668 660 708 733 οὐ
721 667 955 752 βασιλέοιέξειν
969 668 1162 750 ἐλπίζοντες.
1177 667 1255 746 τοός

293 794 330 835 τε
343 763 410 855 γάρ
424 765 626 854 στρατιώτας
640 769 794 836 ἐκέλευσε
807 767 1001 838 παύσασθαι
1013 775 1071 858 τής
1084 768 1166 859 πρὸς
1177 768 1255 850 τούς

294 869 442 957 δημότας
454 866 585 960 ὕβρεως
598 872 654 939 καί
667 870 749 959 μήτε
762 874 913 953 πελέκεις
926 874 1044 962 φέρειν
1057 871 1138 961 μετά
1145 890 1255 964 χεῖρας

266 1008 279 1050 ³
296 972 380 1063 μήτε
393 980 508 1042 παίειν
520 969 597 1042 τινά
610 978 679 1043 τών
692 973 893 1063 παριόντων,
902 982 935 1056 ἔς
948 1002 984 1044 τε
997 974 1035 1046 τὸ
1048 974 1186 1063 κόσμιον
1199 979 1256 1046 καὶ

293 1074 459 1147 εὔτακτον
471 1076 628 1165 μετάγειν
648 1077 755 1147 πάντα
769 1081 939 1168 ἐπειρᾶτο,
959 1085 997 1148 ἔν
1015 1106 1051 1149 τε
1070 1094 1141 1158 ταίς
1154 1078 1254 1169 προό-

294 1186 366 1260 δοις
380 1180 518 1260 καὶτοῖς
532 1186 756 1269 δικαστηρίοις
764 1188 872 1270 πρᾶον
878 1185 935 1251 καὶ
942 1179 1068 1274 ήμερον
1083 1174 1164 1271 ἦθος
1179 1185 1253 1251 έπε-

294 1289 463 1354 δείκνυτο.
515 1286 572 1352 καλ
585 1288 642 1372 τῆς
655 1283 803 1374 Μάρκου
815 1282 917 1375 ἀρχῆς
935 1285 1021 1380 ζήλφ
1034 1288 1139 1355 τεκαὶ
1152 1284 1253 1375 μιμή·
1269 1295 1287 1347 2

293 1407 346 1457 σει
367 1383 445 1465 τούς
458 1386 520 1474 μὲν
533 1390 780 1477 πρεσβυτέρους
799 1383 1062 1480 ὑπομιμνήσκων
1082 1386 1256 1478 εὔφραινε,

252 1521 280 1563 ιο
294 1486 375 1570 τοάς
395 1487 428 1558 δ’
444 1487 566 1571 ἀλλους
586 1490 713 1571 πάντας
733 1494 766 1572 ἐξ
788 1488 877 1580 ώμής
897 1494 953 1561 καὶ
972 1496 1178 1582 έφυβρίστου
1196 1520 1256 1561 τυ-

294 1596 456 1684 ραννίδος
475 1596 509 1673 ές
530 1592 690 1682 σώφρονα
710 1595 767 1662 καί
781 1591 964 1684 ἀμέριμνον
984 1603 1060 1684 βίον
1073 1598 1256 1685 μεταχθέν-

294 1724 355 1776 τας
369 1699 474 1787 ῥᾷστα
488 1699 522 1776 ές
537 1693 674 1766 εὔνοιαν
683 1693 881 1789 ᾠκειώσατο.
896 1704 954 1787 τῆς
967 1726 1003 1768 τε
1016 1693 1142 1789 ήμέρου
1156 1696 1258 1788 ἀρχῆς

294 1796 317 1889 ή
332 1798 427 1888 φήμη
442 1803 628 1871 διαθέουσα
641 1799 750 1870 πάντα
757 1807 843 1889 ἔθνη
857 1803 913 1870 καί
921 1801 1029 1871 πάντα
1037 1801 1256 1891 στρατόπεδα,

295 1900 359 1973 ὅσα
378 1930 415 1971 τε
435 1896 605 1992 Ῥωμαίοις
627 1899 760 1994 ὑπήκοα
781 1906 838 1973 καί
863 1902 924 1974 ὅσοι
943 1913 1044 1994 φίλα,
1072 1905 1257 1989 ἐκδειάζειν

253 2036 279 2077 ιε
296 2003 403 2077 αὐτοῦ
416 2002 479 2093 τήν
491 2003 597 2096 ἀρχήν
615 2013 764 2077 ἔπειθεν.
816 2004 901 2078 ἀλλά
920 2005 988 2097 μήν
1007 2010 1063 2077 καὶ
1082 2015 1150 2079 τών
1171 2017 1253 2099 βαρ·
1269 2027 1288 2082 3

296 2108 415 2200 βάρωυ
428 2104 499 2178 ὅσοι
513 2111 676 2200 πρότερον
689 2107 874 2200 ἀφηνίαζον
892 2104 914 2201 ή
934 2114 1142 2199 ἐστασίαζον,
1162 2112 1258 2205 φόβςο

296 2215 404 2283 τεκαὶ
417 2211 530 2302 μνήμη
543 2218 601 2302 τής
615 2216 652 2282 ἐν
664 2230 735 2294 ταῖς
756 2216 932 2302 προτέραις
950 2212 1056 2286 αὐτοῦ
1073 2223 1259 2305 στρατείαις

297 2314 437 2407 άρετής,
452 2323 561 2385 πίστει
575 2344 611 2385 τε
624 2317 759 2406 γνώμης
778 2315 830 2387 ὅτι
849 2320 977 2407 μηδένα
998 2316 1085 2389 ἑκών
1106 2317 1259 2409 ἀδικήσει

298 2421 395 2505 ποτέ,
410 2418 536 2513 ἑκάστω
552 2417 676 2489 τὸκατ’
692 2417 789 2504 ἀξίαν
802 2418 996 2510 ἀπονέμων,
1011 2421 1142 2509 χάριτος
1155 2419 1258 2510 ἀπρε-

254 2546 283 2589 ιο
300 2528 385 2603 ποῦς
393 2525 450 2591 καὶ
463 2530 538 2611 βίας
548 2520 637 2613 ώμής
650 2521 833 2613 ἀλλότριος,
842 2522 972 2602 ἑκόντες
985 2521 1076 2622 αὐτῷ
1090 2522 1259 2613 προσεχώ-

298 2653 394 2715 ρουν.
410 2632 588 2716 πρεσβεῖαί
597 2653 633 2695 τε
647 2625 862 2713 πανταχόθεν
875 2623 1098 2714 ἀφικνοῦντο,
1114 2631 1259 2714 συνηδο-

298 2732 413 2819 μένων
426 2725 585 2799 άπάντωυ
598 2734 640 2820 τῇ
655 2724 824 2818 Ῥωμαίων
836 2724 903 2798 ὑπὸ
916 2736 1099 2819 Περτίνακι
1114 2726 1208 2819 ἀρχή.

322 2883 331 2892 -
402 2837 438 2902 οί
459 2832 522 2922 μὲν
548 2824 611 2903 οὖν
630 2830 724 2902 άλλοι
744 2832 867 2913 πάντες
884 2830 1061 2923 ἅνθρωποι
1080 2835 1136 2903 καί
1161 2836 1291 2922 κοιυῇ4

299 2938 357 3005 καὶ
371 2940 443 3027 ίδίᾳ
461 2942 507 3029 τῷ
529 2933 676 3028 εὐτάκτφ
695 2938 751 3005 καλ
770 2932 881 3029 ήμέρφ
900 2942 958 3025 τής
978 2943 1148 3025 βασιλείας
1170 2943 1258 3025 ἔχαι-

256 3070 283 3110 ιτ
302 3061 379 3128 ρον·
394 3035 414 3109 ὃ
427 3039 465 3108 δέ
478 3038 604 3119 πάντας
618 3038 791 3131 εὔφραινε,
805 3045 903 3110 τοῦτο
916 3039 1040 3130 μόνους
1054 3040 1170 3110 ίλόπει
1182 3036 1260 3120 τούς

302 3145 340 3212 ἐν
350 3147 392 3232 τή
405 3138 511 3231 Ῥώμη
524 3142 742 3230 στρατιώτας,
757 3150 791 3213 οἳ
803 3149 1008 3235 δορυφορείυ
1030 3142 1170 3214 εἰώθασι
1183 3140 1261 3222 τοός

300 3247 469 3334 βασιλέας.
496 3246 704 3336 κωλυόμενοι
718 3244 782 3336 γάρ
796 3242 954 3334 ἁρπάζειν
967 3274 1004 3315 τε
1023 3250 1080 3317 καὶ
1101 3243 1260 3337 ὑβρίζειν,

301 3354 336 3429 ἔς
362 3377 399 3419 τε
421 3346 468 3418 τὸ·
487 3345 647 3419 εὔτακτον
673 3353 730 3419 καί
755 3349 895 3438 κόσμιον
916 3348 1197 3440 ἀνακαλούμενοι,
1224 3346 1261 3417 τὸ

301 3457 413 3539 πρᾶον
426 3453 482 3521 καί
496 3449 622 3541 ήμερον
634 3458 693 3540 τής
706 3450 807 3543 ἀρχῆς
820 3450 922 3541 ὕβριν
935 3448 1049 3523 αὐτῶν
1062 3457 1117 3523 καί
1127 3451 1262 3540 ἀτιμίαν

259 3580 285 3625 υ
300 3562 504 3646 καθαίρεσίν
512 3583 548 3625 τε
562 3552 748 3644 τήςάνέτου
762 3559 911 3639 ἐξουσίας
924 3564 1121 3644 νομίζοντες,
1131 3552 1193 3641 τήν
1205 3557 1263 3639 τής

301 3656 403 3748 ἀρχῆς
417 3655 480 3730 οὐκ
500 3665 624 3749 ἔφερον
638 3655 801 3742 εὐταξίαν,
829 3655 913 3727 ἀλλά
925 3657 965 3728 τά
978 3660 1041 3749 μὲν
1059 3661 1171 3747 πρώτα
1185 3651 1259 3723 κατ’
1276 3676 1293 3731 5

301 3760 418 3850 ὀλίγον
431 3760 595 3854 όκνηροός
607 3764 711 3835 τεκαὶ
730 3759 887 3849 ἀπειθεῖς
901 3758 1029 3848 αὑτοὺς
1048 3777 1121 3843 τοῖς
1139 3765 1285 3827 κελευο-
