3134 4367
657 427 875 489 TETAPTON
997 441 1001 460 ’
1186 428 1245 488 117

290 626 340 680 τες
356 598 395 669 δέ
409 604 456 692 τῷ
469 595 652 688 πράγματι,
673 599 851 688 παιόμενοί
868 602 973 670 τεκαὶ
989 600 1246 690 τιτρωσκόμενοι

288 702 481 792 ἐτράποντο.
516 699 617 784 αύτός
637 731 673 773 τε
690 699 890 793 Ἀρτάβανος
909 700 1068 793 ἁρπαγελς
1089 701 1155 775 ὑπὸ
1178 712 1245 775 τῶν

287 807 364 895 περὶ
377 802 485 876 αὐτόν
496 807 702 897 δορυφόρων
711 812 801 899 ἵππῳ
816 834 851 878 τε
864 809 1030 887 ἐπιτεθεὶς
1043 803 1170 896 άπέδρα
1183 809 1244 897 μό-

287 917 337 991 λις
350 906 426 998 μετ’
443 904 576 1008 ὀλίγων.
604 908 641 979 τὸ
664 911 701 980 δέ
721 908 841 980 λοιπὸν
860 916 990 999 πλῆθος
1005 909 1161 980 ἐκόπτετο
1175 919 1243 981 τῶν
1257 932 1274 984 6

262 1046 274 1087 ε
286 1012 470 1101 βαρβάρων
488 1007 567 1082 οὔτε
586 1012 666 1096 τούς
690 1018 812 1095 ἵππους
838 1012 998 1101 ἐχόντων,
1026 1008 1075 1094 ολς
1099 1019 1244 1101 χρῶνται

285 1116 427 1204 μάλιστα
457 1111 718 1205 (ἀποβεβηκότες
749 1114 813 1205 γάρ
849 1117 1060 1206 είστήκεσαν,
1095 1120 1245 1198 ἐκείνους

285 1215 420 1300 ἀνέντες
442 1221 637 1307 νέμεσθαι),
658 1217 736 1289 οὔτε
756 1219 870 1312 δρόμῳ
890 1220 1079 1309 χρησασθαι
1097 1221 1245 1307 δυναμέ-

284 1350 354 1391 νων
367 1320 453 1411 πρὸς
467 1321 599 1410 φυγήν,
615 1323 854 1411 ἐμποδιζούσης
870 1320 995 1405 αύτούς
1013 1330 1070 1413 τῆς
1083 1325 1161 1412 περὶ
1177 1337 1246 1404 τοῖς

285 1427 361 1495 ποσὶ
375 1424 506 1513 χαύνον
520 1428 670 1514 ἐσθῆτος.
685 1428 853 1514 φαρέτρας
865 1427 902 1495 δὲ
911 1430 967 1497 καλ
976 1426 1052 1509 τόξα
1061 1422 1123 1495 ούιι
1138 1424 1244 1514 εἶχον·

249 1562 271 1603 ιι
285 1534 319 1597 τί
328 1526 395 1617 γὰρ
410 1535 549 1618 ἔχρῃζον
562 1525 676 1598 αὐτῶν
689 1526 773 1617 πρὸς
792 1530 934 1617 γάμους;
958 1528 1068 1599 πολύν
1090 1530 1127 1599 δέ
1144 1533 1242 1618 ἐργα-
1261 1546 1276 1601 7

284 1630 427 1719 σάμενος
441 1628 459 1700 δ
477 1628 673 1713 Ἀντωνῖνος
687 1631 795 1720 φόνον
808 1639 876 1700 τῶν
890 1632 1087 1722 βαρβάρων,
1102 1640 1196 1701 λείαν
1210 1660 1245 1701 τε

284 1736 339 1804 καὶ
355 1733 586 1823 αἰχμαλώτους
602 1743 814 1823 παμπληθεῖς
827 1735 1016 1823 συλλαβῶν,
1030 1732 1128 1824 άπῄει
1141 1740 1245 1824 μηδε-

285 1833 340 1918 νὸς
353 1834 447 1930 αὐτῷ
461 1834 688 1924 άνθεστῶτος,
703 1836 816 1925 κῶμας
829 1840 930 1908 τεκαὶ
944 1838 1056 1920 πόλεις
1070 1838 1244 1927 ἐμπιπράς,

283 1937 365 2021 δούς
379 1944 534 2023 ἐξουσίαν
552 1956 620 2022 τοῖς
639 1940 854 2028 στρατιώταις
874 1938 1032 2028 ἁρπάζειν
1051 1968 1087 2011 τε
1106 1944 1245 2012 ἕκαστον

248 2074 268 2115 ιε
283 2038 303 2111 δ
316 2043 460 2114 δύναται
474 2046 531 2113 καλ
545 2040 564 2113 δ
576 2043 732 2132 βούλεται
745 2041 847 2125 αύτός
861 2045 1056 2133 κτήσασθαι.

384 2146 527 2239 τοιούτῳ
547 2148 609 2235 μὲν
629 2147 671 2237 δὴ
694 2148 798 2217 πάθει
819 2148 999 2238 ἐχρήσαντο
1026 2152 1061 2218 oc
1077 2146 1274 2237 βάρβαροι8

281 2245 324 2319 ού
343 2252 630 2340 προσδοκηθέντι·
660 2247 678 2320 ὁ
705 2250 743 2320 δὲ
767 2247 964 2333 Ἀντωνῖνος
990 2253 1045 2321 ἐπλ
1072 2248 1159 2320 πολὺ
1186 2257 1243 2338 τῆς

281 2360 497 2441 Παρθυαίων
509 2359 570 2442 γῆς
583 2353 712 2442 ἐλάσας,
726 2350 791 2442 ἤδη
806 2357 863 2424 καλ
879 2361 947 2424 τῶν
960 2360 1172 2443 στρατιωτῶν
1185 2381 1243 2423 κε-

281 2455 459 2546 κμηκότων
480 2459 518 2525 ἐν
538 2454 629 2549 αὐτῷ
650 2465 696 2550 τῳ
715 2452 875 2546 ἁρπάζειν
895 2460 952 2529 καλ
979 2456 1153 2546 φονεύειν,
1183 2459 1243 2525 ἐπ-

246 2596 268 2636 ι)
282 2566 435 2648 ανῆλθεν
461 2562 494 2639 ἐς
516 2559 578 2647 τὴν
596 2568 873 2648 Μεσοποταμίαν.
902 2564 973 2630 ἐκεῖ
997 2560 1036 2629 δὲ
1062 2558 1243 2645 γενόμενος

280 2665 466 2733 ἐπιστέλλει
488 2670 528 2752 τῇ
551 2691 587 2733 τε
609 2661 785 2753 συγκλήτῳ
806 2664 863 2731 καὶ
889 2669 935 2754 τῳ
958 2658 1127 2749 Ῥωμαίων
1148 2659 1242 2751 δήμῳ

280 2773 393 2835 πᾶσαν
407 2762 573 2854 ἀνατολὴν
591 2772 813 2853 κεχειρῶσθαι
833 2766 961 2852 καὶτῆς
979 2765 1131 2834 ἐπέκεινα
1145 2770 1243 2852 βασι-

280 2875 373 2950 λείας
387 2868 513 2949 πάντας
526 2862 618 2962 αότῳ
627 2870 954 2958 παρακεχωρηκέναι.
1006 2864 1028 2956 ἡ
1043 2868 1081 2937 δὲ
1094 2865 1242 2957 σύγκλη-
1255 2884 1273 2939 9

280 2999 353 3060 τος,
368 2968 432 3041 οὐκ
446 2968 649 3060 ἀγνοοῦντες
660 2972 722 3061 μὲν
738 2969 780 3040 τά
794 2972 1010 3061 πεπραγμένα
1030 2975 1164 3059 (λαθεῖν
1177 2968 1241 3059 γάρ

246 3080 366 3163 εέργα
388 3077 551 3163 βασιλέως
571 3072 770 3163 ἀδύνατον),
793 3073 881 3164 πλὴν
911 3077 980 3145 δέει
1002 3077 1057 3145 καλ
1084 3081 1242 3165 κολακείᾳ

279 3185 482 3267 ψηφίζονται
503 3174 595 3272 αύτῷ
618 3179 723 3259 πάσας
742 3176 838 3267 τιμάς
865 3181 1058 3259 ἐπινικίους.
1097 3179 1242 3268 διέτριβε

280 3280 319 3350 δὲ
346 3278 430 3370 μετὰ
457 3288 562 3351 ταῦτα
594 3285 632 3351 ἐν
660 3290 700 3373 τῇ
723 3288 967 3373 Μεσοποταμία
994 3277 1239 3370 δἈντωνῖνος,

279 3380 461 3474 ἡνιοχείαις
474 3384 640 3471 σχολάζων
655 3388 711 3455 καλ
724 3390 830 3474 θηρία
843 3381 1040 3455 παντοδαπά
1054 3381 1213 3474 άναιρῶν.

382 3478 470 3576 ἦσαν
484 3488 523 3557 δὲ
536 3484 629 3580 αύτῷ
640 3488 838 3577 ἐπάρχοντες
851 3493 913 3557 τοῦ
923 3490 1151 3576 στρατοπέδου
1164 3486 1238 3574 δύο,
1253 3494 1291 3555 12

246 3628 264 3667 ρ
280 3586 376 3680 δμέν
392 3589 582 3681 πρεσβύτης
596 3590 706 3678 πάνυ,
721 3588 761 3659 τά
780 3589 843 3678 μέν
861 3586 945 3661 άλλα
959 3588 1092 3678 ίδιῶτης
1107 3592 1164 3660 καλ
1177 3615 1241 3657 πο-

279 3701 421 3766 λιτιιιῶν
438 3694 643 3782 πραγμάτων
662 3690 808 3780 άπείρως
828 3699 929 3781 ἔχων,
949 3688 1182 3783 στρατιωτικὸς
1201 3690 1240 3759 δὲ

286 3804 492 3889 γεγενῆσθαι
521 3803 648 3869 δοκῶν·
686 3794 862 3883 Ἀδεέντος
889 3793 1001 3890 ὄνομα
1027 3791 1135 3890 αύτῷ·
1168 3788 1262 3861 ὀδε
