3134 4367
293 422 364 484 '126
672 422 893 483 ΠΕΜΠΤΟΝ

303 606 372 666 ῖστε
391 593 454 684 γάρ
469 620 510 682 με
525 593 582 662 καλ
602 588 651 675 οἷς
670 596 797 676 ἐκεῖνος
817 601 977 685 ἔπραττεν
997 590 1060 663 οῦκ
1077 589 1258 682 ἀρεσκόμε-

302 728 381 786 νον,
405 698 462 768 καί
488 697 821 785 προκινδυνεύσαντα
842 695 939 787 ύμιῦν
964 700 1001 767 ἐν
1025 692 1074 778 οἷς
1100 695 1258 777 πολλάκις

302 817 373 882 ταῖς
399 799 577 888 τυχούσαις
604 806 775 889 διαβολαῖς
808 802 975 872 πιστεύων
1002 796 1151 890 ἀφειδῶς
1177 795 1259 887 ύμῖν

271 906 539 994 ὃπροσεφίρετο.
590 900 675 991 κάμὲ
689 904 751 992 μὲν
771 912 881 986 κακῶς
900 902 1059 995 ἠγόρευε,
1076 904 1133 971 καὶ
1154 907 1259 990 δημο-

301 1014 358 1100 σίᾳ
374 1004 583 1103 πολλάκιςτί)
605 1007 740 1096 μέτριόν
759 1035 825 1096 μου
840 1010 897 1076 καί
914 1006 998 1097 πρὸς
1018 1004 1097 1087 τοῦς
1117 1002 1284 1094 άρχομέ-ι

300 1140 382 1191 νους
406 1110 650 1198 φιλάνθρωπον
676 1109 867 1200 διαβάλλων
896 1113 952 1180 καὶ
979 1108 1202 1181 διασκώπτων
1227 1112 1260 1189 ἐς

301 1218 474 1306 ῥᾳθυμίαν
486 1214 544 1282 καί
557 1212 691 1303 τρόπων
703 1214 905 1303 χαυνότητα·
923 1220 1110 1292 κολακείαις
1131 1213 1169 1282 δέ
1186 1219 1260 1299 χαί-

302 1345 389 1406 ρων,
404 1318 461 1385 καί
474 1313 550 1396 τούς
561 1322 607 1397 είς
623 1313 773 1405 ὠμότητα
788 1316 1036 1406 παροξύνοντας
1049 1323 1095 1407 τῷ
1109 1342 1144 1383 τε
1158 1322 1260 1405 θυμῷ

301 1418 337 1489 τὸ
353 1418 529 1507 ἐνδόσιμον
543 1416 649 1489 αῦτοῦ
664 1420 819 1501 διδόντας
837 1421 899 1509 την
913 1448 948 1489 τε
968 1418 1073 1509 ὀργὴν
1088 1424 1260 1507 διαβολαῖς

301 1526 489 1612 ἐγείροντος
504 1518 625 1604 εῦνους
638 1525 694 1592 καὶ
705 1520 842 1604 πιστοῦς
856 1527 1025 1612 ἐδοκίμαζε
1035 1522 1172 1611 φίλους.
1187 1522 1259 1610 ἐμοὶ
1277 1548 1288 1587 ιι

271 1626 341 1696 ῖδδ
354 1627 388 1708 ἐξ
408 1622 510 1715 ἀρχῆς
530 1623 567 1696 τὸ
590 1633 700 1715 πρᾶον
719 1629 776 1696 καί
799 1629 934 1716 με’τριον
953 1627 1146 1715 προσφιλές.
1200 1622 1267 1694 τὸν

301 1736 387 1817 γοῦν
410 1727 494 1818 πρὸς
520 1737 743 1817 Παρθυαίους
762 1730 925 1817 πόλεμον,
946 1729 1102 1817 μέμιστόν
1122 1755 1158 1796 τε
1179 1723 1259 1797 όντα

301 1834 357 1901 καὶ
371 1829 426 1919 ἐφ’
444 1822 574 1924 ᾦπᾶσα
590 1828 758 1920 Ῥωμαίων
772 1832 930 1902 ἐσάλευεν
953 1830 1036 1921 άρχη
1045 1884 1053 1918 ,
1073 1829 1259 1900 κατελύσα-

300 1962 363 2022 μεν
376 1936 483 2003 καὶέν
497 1930 546 2014 οἷς
562 1933 725 2022 άνδρείως
745 1936 1009 2023 παραταξάμενοι
1027 1932 1129 2004 οῦδέν
1149 1962 1180 2003 τι
1199 1930 1259 2023 ἡτ-

300 2038 445 2125 τήμεθα,
456 2038 512 2105 καί
526 2039 563 2106 ἐν
578 2032 626 2119 οἷς
640 2046 835 2119 σπείσαντες
847 2038 929 2126 μετὰ
946 2044 1068 2127 πολλῆς
1083 2036 1259 2126 δυνάμεως
1274 2059 1288 2099 ιε

301 2138 446 2209 ἐλθόντα
469 2143 575 2228 μέγαν
600 2144 738 2229 βασιλέα
758 2138 878 2211 πιστὸν
904 2149 1007 2231 φίλον
1034 2137 1109 2210 ἄντ’
1132 2144 1258 2228 ἐχθροῦ

302 2243 471 2330 δυσμάχου
485 2243 694 2331 ἐποιήσαμεν.
729 2248 812 2331 ἐμοῦ
832 2243 869 2313 δὲ
887 2252 1088 2333 κρατοῦντος
1109 2246 1146 2313 ἐν
1161 2240 1258 2334 άδείμ

301 2347 408 2415 τεκαὶ
430 2343 591 2433 ἀναιμωτὶ
609 2347 729 2429 πάντες
748 2347 944 2436 βιώσονται,
965 2345 1201 2436 άριστοκρατία
1224 2374 1259 2416 τε

270 2464 286 2515 5
301 2443 459 2539 μῦλλονῆ
471 2456 624 2538 βασιλεία
632 2450 880 2540 νομισθήσεται.
934 2453 1020 2539 μηδέ
1031 2480 1079 2531 τις
1092 2448 1256 2533 ἀπαξιού-

299 2582 345 2623 τω
359 2548 381 2643 ἦ
395 2552 495 2642 τύχης
508 2570 652 2642 πταῖσμα
667 2557 839 2643 νομιζέτω,
856 2550 906 2623 ότι
926 2552 967 2643 δη
980 2551 1061 2624 όντα
1080 2581 1121 2640 με
1139 2556 1176 2623 ἐκ
1196 2560 1255 2641 τῆς
1271 2585 1288 2625 α

300 2657 441 2738 ἱππάδος
456 2656 576 2740 τάξεως
590 2660 644 2727 ἐπὶ
660 2664 759 2729 τοῦτο
772 2654 886 2747 ἤγαγε.
918 2665 953 2726 τί
971 2655 1035 2747 γάρ
1054 2653 1177 2745 όφελος
1197 2654 1256 2725 εῦ-

300 2768 446 2849 μενείας,
470 2767 501 2830 εί
525 2760 569 2849 μὴ
596 2761 735 2851 χρηστὸς
760 2764 817 2831 καλ
839 2760 1079 2849 φιλάνθρωπος
1107 2775 1261 2830 συνοικεῖ

300 2861 438 2953 τρόπος;
452 2862 492 2931 τά
504 2863 566 2950 μὲν
580 2863 644 2953 γάρ
658 2872 715 2953 τῆς
727 2864 827 2951 τύχης
841 2870 932 2951 δοῦρα
952 2866 1008 2933 καὶ
1032 2860 1177 2945 ἀναξίοις
1196 2890 1258 2933 πε-

301 2973 466 3054 ριπίπτει,
487 2961 559 3052 ἡδὲ
580 2973 637 3054 τῆς
654 2973 762 3054 ψυχῆς
780 2962 879 3054 άρετίχ
900 2971 990 3036 ίδίαν
1010 2966 1134 3058 ἑκάστω
1155 2965 1258 3048 δόξαν

193 3124 205 3142 ι
272 3066 277 3076 ’
300 3075 523 3156 περιτίθησιν.
549 3064 701 3157 εὐγένεια
720 3068 758 3138 δέ
778 3070 834 3137 καὶ
853 3076 994 3151 πλοῦτος
1018 3072 1075 3139 καί
1100 3066 1163 3139 ὅσα
1183 3097 1288 3140 τοι-α

301 3178 386 3241 αῦτα
405 3176 616 3259 μακαρίζεται
636 3174 715 3259 με’ν,
735 3167 798 3240 οῦκ
818 3175 998 3242 ἐπαινεῖται
1021 3176 1075 3260 δέ,
1104 3168 1148 3253 ὡς
1172 3168 1264 3261 παρ’.

269 3272 405 3343 θάλλον
419 3276 580 3343 δοθέντα·
607 3278 769 3345 ἐπιείκεια
793 3274 831 3344 δὲ
849 3276 905 3343 καὶ
921 3277 1101 3364 χρηστότης
1122 3271 1189 3363 ἅμα
1209 3282 1255 3367 τῷ

299 3375 532 3465 θαυμάζεσθαι
545 3380 682 3447 καὶτῶν
699 3380 846 3447 ἐπαίνων
867 3376 928 3466 τὴν
948 3376 1123 3469 ἀναφοράν
1138 3382 1171 3460 ἐς
1191 3375 1256 3447 αῦ-

298 3479 357 3549 τόν
371 3507 445 3549 τινα
461 3479 599 3567 ἔχειτὸν
612 3490 851 3570 κατορθοῦντα.
874 3489 910 3551 τί
924 3490 1010 3571 γοῦν
1023 3480 1109 3570 ῦμάς
1123 3478 1255 3569 ύνησεν

297 3580 317 3671 ἡ
341 3583 523 3672 Κομμόδου
545 3583 697 3675 εύγένεια
718 3581 957 3675 ἢἉντωνίνου
977 3583 997 3674 ἡ
1019 3585 1155 3678 πατρῴα
1177 3590 1288 3658 δια-α

298 3685 393 3775 δοχή;
413 3692 449 3757 σί
465 3685 527 3775 μὲν
548 3687 611 3779 γάρ
633 3686 744 3779 ὥσπερ
762 3685 896 3779 όφλημα
920 3696 1142 3779 κληρονομίας
1162 3694 1254 3777 είλη-

283 3790 390 3873 φατες
409 3788 631 3885 άπσχρῦνταί
652 3821 689 3867 τε
712 3795 769 3866 καὶ
788 3795 1017 3884 ἐνυβρίζουσιν
1045 3789 1089 3874 ῦς
1115 3788 1254 3863 άνωθεν
