3134 4367
302 410 343 473 36
671 413 895 472 ΔΕΊἾἙΡΟΝ

269 604 287 658 3
301 582 514 675 ἀπέπεμψαν·
546 579 565 652 ὁ
580 583 617 653 δὲ
629 592 752 665 Λαίτος
764 586 822 653 καὶ
834 582 1010 665 Ἕκλεκτος
1023 580 1090 673 ἅμα
1102 588 1143 672 πή
1157 591 1260 672 Μαρ-

300 694 359 781 κίᾳ
370 687 408 757 τὸ
426 690 592 777 πρακτέον
611 688 843 776 ἐβουλεύοντο.
877 691 971 771 ἔδοξε
992 688 1029 757 δέ
1048 684 1163 766 αὐτοῖς
1182 690 1262 776 περὶ

301 793 364 883 μὲν
376 798 436 862 τού
449 790 603 863 θανάτου
616 790 731 880 φήμην
750 795 1024 883 ἐγκατασπεῖραι,
1045 788 1096 861 ὅτι
1115 788 1157 879 δή
1177 796 1259 879 αίφ-

290 903 418 977 υιδίως
441 894 669 984 τετελευτήκοι
702 892 907 984 ἀποπληξίας
933 895 1169 983 ἐπιπεσούσης·
1204 896 1262 962 καὶ

300 998 366 1089 γάρ
380 1001 601 1088 ἐνδεχομένην
613 1005 727 1068 πίστιν
739 1002 828 1081 ἕξειν
847 996 953 1091 ᾤοντο
965 996 1028 1087 τήν
1048 999 1163 1088 φήμην
1177 1023 1260 1086 προ·
1278 1028 1292 1068 ε

302 1106 567 1192 διαβεβλημένης
592 1107 650 1190 τής
680 1099 863 1192 ἀκορέστου
898 1105 955 1171 καὶ
985 1097 1263 1193 ὑπερβαλλούσης

302 1211 435 1277 ἐκείνου
454 1211 589 1296 τροφής.
624 1210 759 1293 πρῶτον
778 1206 817 1275 δέ
836 1209 952 1289 ἔδοξεν
971 1202 1084 1285 αὐτοῖς
1111 1207 1261 1286 ἐπιλέξα-

302 1321 384 1381 σθαι
397 1308 506 1399 ἀνδρα
525 1308 718 1398 πρεσβύτην
729 1307 806 1378 τινα
819 1310 876 1377 καὶ
889 1309 1049 1400 σῶφρονα
1067 1306 1127 1378 τὸν
1147 1313 1261 1378 διαδε-

303 1415 443 1502 ξόμενον
456 1410 518 1502 τήν
531 1409 654 1501 ἀρχήν,
676 1408 766 1492 ὅπως
787 1409 887 1482 αύτοί
900 1441 937 1482 τε
956 1424 1102 1483 σωθεῖεν
1122 1414 1178 1480 καὶ
1196 1408 1263 1480 ἀπὸ

304 1524 362 1606 τής
382 1522 503 1605 πικρᾶς
521 1518 577 1584 καὶ
603 1512 789 1585 ἀκολάστου
814 1522 1015 1605 τυραννίδος
1035 1516 1157 1595 πάντες
1178 1511 1260 1583 ἀνα·
1282 1539 1304 1579 ιο

304 1620 497 1691 πνεύσειαν.
524 1615 606 1687 καθ’
625 1617 764 1699 ἑαυτούς
786 1617 828 1709 δή
848 1617 1119 1708 ἀναλογιζόμενοι
1139 1615 1264 1687 οὐδένα

269 1732 288 1785 4
305 1720 412 1803 οὕτως
425 1721 615 1813 ἐπιτήδειον
635 1719 792 1812 εὕρισκον
813 1718 857 1802 ῶς
869 1731 1071 1812 Περτίνακα.
1123 1713 1166 1810 ἦν
1187 1721 1225 1790 δὲ
1246 1716 1264 1790 ὁ

303 1829 470 1917 Περτίναξ
483 1823 521 1895 τὸ
534 1826 596 1915 μέν
610 1828 706 1911 γένος
716 1824 911 1915 Ἰταλιῶτης,
921 1830 957 1896 ἐν
965 1827 1002 1896 δὲ
1011 1835 1149 1904 πολλαῖς
1162 1846 1262 1913 στρα-

303 1931 472 2008 τιωτικαῖς
497 1955 533 2009 τε
566 1930 623 1996 καὶ
650 1938 836 2009 πολιτικαῖς
868 1927 1090 2019 εὐδοκιμήσας
1115 1927 1264 2017 πράξεσι,

305 2029 411 2102 πολλὰ
426 2032 463 2100 δέ
476 2028 559 2100 κατὰ
572 2037 757 2121 Γερμανῶν
770 2035 908 2102 καὶτῶν
927 2029 994 2102 ὑπὸ
1015 2031 1077 2121 τήν
1096 2028 1264 2119 ἀνατολήν
1283 2050 1304 2088 ¹5

305 2135 487 2225 βαρβάρων
509 2137 639 2223 ἐγείρας
664 2134 823 2223 τρόπαια,
850 2136 950 2224 μόνος
976 2165 1012 2205 τε
1033 2137 1266 2225 περιλειφθεὶς

304 2245 374 2308 τῶν
392 2242 526 2331 σεμνῶν
545 2236 712 2329 πατρῴων
731 2244 778 2331 τῷ
798 2239 966 2333 Κομμόδῳ
987 2248 1113 2329 φίλων·
1141 2234 1181 2306 δυ
1203 2235 1266 2306 ούκ

305 2339 497 2426 ἀπέκτεινε,
518 2345 587 2410 τῶν
607 2340 754 2429 Μάρκου
776 2344 918 2430 ἑταίρων
936 2370 973 2412 τε
993 2346 1050 2412 καὶ
1069 2348 1266 2429 στρατηγῶν

306 2444 521 2534 ἐντιμότατον
536 2442 737 2532 γενόμενον,
751 2438 773 2533 ή
788 2443 844 2514 διὰ
858 2446 1042 2535 σεμνότητα
1064 2443 1266 2533 αἰδούμενος

306 2544 327 2638 ή
341 2545 386 2629 ῶς
400 2551 525 2635 πένητα
538 2544 692 2636 τηρήσας.
719 2538 763 2637 ήν
775 2546 839 2639 γάρ
860 2548 951 2644 αύτῷ
972 2553 1028 2619 καὶ
1047 2555 1147 2618 τούτο
1167 2551 1266 2637 μέρος
1282 2567 1304 2607 ²⁰

306 2658 376 2722 τῶν
387 2655 574 2739 ἐγκωμίων,
583 2646 632 2720 ὅτι
644 2660 781 2721 πλείστα
795 2653 933 2724 πάντων
946 2655 1165 2742 ἐγχειρισθεὶς
1179 2652 1264 2721 πάν-

309 2782 379 2825 των
392 2752 513 2824 ούσίαν
528 2754 617 2843 εἶχεν
631 2756 799 2825 έλάττονα.

276 2878 293 2930 5
408 2855 490 2946 πρὸς
503 2855 546 2946 δή
559 2863 680 2927 τοῦτον
691 2856 750 2927 τὸν
760 2867 953 2947 Περτίνακα
965 2857 1086 2939 νυκτὸς
1100 2856 1265 2947 ἀκμαζού-

308 2980 368 3048 σης
386 2959 524 3029 πάντων
542 2987 579 3029 τε
598 2957 695 3053 ύπνφ
716 2965 987 3049 κατειλημμένων
1005 2959 1229 3051 ἀφικνοῦνται
1250 2959 1267 3031 ὁ

309 3056 431 3143 Λαίτος
441 3064 497 3131 καὶ
510 3058 528 3131 ὁ
539 3060 731 3148 Ἕκλεκτος,
746 3060 880 3150 ὀλίγους
888 3070 957 3133 τῶν
964 3072 1170 3155 συνωμοτῶν
1184 3069 1264 3135 ἐπα·
1283 3082 1304 3122 2⁵

233 3252 238 3270 ἲ
310 3166 456 3254 γόμενοι.
492 3164 683 3245 ἐπιστάντες
703 3166 740 3236 δέ
759 3163 865 3236 αὐτοῦ
888 3173 1122 3258 κεκλεισμένης
1142 3175 1200 3258 τής
1217 3176 1265 3238 οί-

312 3276 387 3349 κίας
400 3284 472 3348 ταίς
484 3269 608 3359 θύραις
621 3275 825 3359 διεγείρουσι
837 3268 897 3341 τδν
917 3272 1140 3360 φυλάττοντα.
1173 3270 1266 3341 ἀνοί-

312 3375 369 3455 ξας
383 3373 421 3441 δὲ
435 3375 560 3453 ἐκεῖνος
572 3375 629 3442 καὶ
641 3373 849 3462 θεασάμενος
867 3376 1067 3464 στρατιώτας
1081 3380 1268 3465 ἐφεστῶτας

311 3476 369 3545 καὶ
394 3484 537 3563 Λαίτον,
564 3472 604 3546 δν
628 3473 704 3566 ήδει
726 3484 873 3567 ἔπαρχον
892 3476 989 3567 ὄντα,
1011 3481 1186 3567 ἐκπλαγεὶς
1213 3482 1268 3549 καὶ

282 3581 491 3669 6ταραχθεὶς
504 3583 718 3668 εἰσαγγέλλει.
771 3577 791 3651 δ
812 3582 850 3652 δέ
867 3579 963 3672 ήκειν
983 3581 1106 3663 αύτούς
1124 3584 1266 3668 κελεύει,
1284 3604 1304 3647 υ

313 3681 408 3755 δεινὰ
433 3682 695 3774 προσδοκώμενα
721 3687 828 3779 ἑαυτῷ
855 3686 1007 3757 έκάστοτε
1031 3687 1268 3776 συμβήσεσθαι

305 3787 460 3890 φήσειαν.
489 3790 527 3858 έν
539 3788 683 3881 τοσαύτη
701 3795 786 3877 γοῦν
805 3787 909 3860 αὐτόν
928 3810 1010 3878 φασι
1030 3806 1141 3879 μεῖναι
1161 3797 1269 3883 ψυχῆς

1252 4005 1271 4036 Χ
