3134 4367
347 420 368 481 4
723 421 900 494 ΠΡΩΤΟΝ

348 592 404 660 καὶ
423 594 461 659 ἐν
474 599 606 671 πολλοῖς
619 592 815 681 βαρβάροις,
830 598 890 681 γῆς
903 620 939 661 τε
953 590 1108 682 σεισμοός
1121 594 1177 662 καλ
1190 589 1300 682 άέρων

350 693 492 783 φθοράς,
499 693 716 783 τνράννωντε
730 696 786 764 καὶ
799 699 965 783 βασιλέων
972 704 1068 785 βίους
1082 696 1299 786 παραδόξους,

349 796 511 888 πρότερον
530 792 550 887 η’
569 805 716 878 σπανίως
736 793 757 886 ή
780 796 862 887 μηδ’
884 796 968 880 όλως
989 802 1298 889 μνημονενθέντας·

320 914 336 966 5
351 891 400 970 ὧν
413 908 446 970 οἳ
457 901 518 990 μέν
527 904 782 990 ἐπιμηκέστερον
797 907 893 988 ἔσχον
906 899 967 991 τήν
980 900 1096 992 άρχήν,
1105 911 1137 972 οἳ
1150 904 1187 973 δέ
1196 903 1298 992 πρόσ-

347 1030 466 1095 καιρον
483 1002 544 1093 τήν
564 1011 778 1091 δυναστείαν,
800 1006 863 1073 είσλ
878 1002 909 1073 δ’
926 1013 959 1074 οἳ
971 1008 1064 1095 μέχρι
1079 1014 1300 1096 προσηγορίας
1319 1038 1331 1078 5

348 1109 405 1177 καὶ
423 1114 517 1197 τιμής
538 1109 706 1196 ἐφημέρου
723 1106 828 1196 μόνης
850 1108 1006 1188 ἐλθόντες
1020 1106 1147 1189 εὐθέως
1161 1109 1301 1178 κατελό-

347 1222 469 1300 θησαν.
503 1220 699 1301 μερισθεῖσα
718 1208 782 1301 γάρ
808 1206 1012 1300 ήῬωμαίων
1032 1209 1114 1301 άρχή
1137 1216 1174 1281 ἐν
1195 1220 1303 1281 ἔτεσιν

247 1352 251 1358 ·
348 1314 506 1405 ἑξήκοντα
530 1317 562 1394 ές
583 1320 718 1395 πλείους
738 1320 936 1394 δυναστείας
955 1309 977 1404 ή
998 1310 1016 1383 ὁ
1036 1315 1153 1403 χρόνος
1173 1312 1302 1404 άπήτει,

320 1434 338 1489 6
351 1415 458 1489 πολλά
471 1419 526 1486 καὶ
545 1424 679 1486 ποικίλα
696 1414 817 1507 ήνεγκε
831 1419 887 1486 καὶ
904 1418 1076 1505 θαύματος
1089 1416 1173 1501 άξια.
1224 1419 1301 1486 του’-

349 1548 418 1592 των
430 1519 494 1611 γάρ
508 1524 541 1589 ολ
557 1521 619 1610 μέν
630 1517 693 1610 τήν
705 1516 840 1609 ἡλικίαν
860 1520 1079 1612 πρεσβύτεροι
1098 1519 1155 1591 διά
1168 1517 1229 1607 τήν
1243 1524 1299 1611 ἐμ·
1323 1550 1347 1589 ιο

350 1632 485 1716 πειρίμν
498 1629 566 1693 τῶν
580 1624 783 1714 πραγμάτων
792 1627 1044 1716 ἐπιμελέστερον
1058 1628 1186 1695 ἑαυτῶν
1200 1651 1235 1694 τε
1250 1628 1305 1693 καλ

349 1735 418 1800 τῶν
430 1723 591 1815 ὑπηκόων
610 1719 731 1818 ἦρξαν,
746 1734 781 1798 ολ
798 1729 835 1797 δὲ·
854 1735 974 1819 κομιδή
989 1732 1058 1799 νέοι
1073 1727 1305 1820 ῥᾳθυμότερον

351 1830 533 1921 βιάσαντες
554 1830 659 1901 πολλά
680 1831 957 1920 ἐκαινοτόμησαν·
979 1832 1096 1920 διόπερ
1115 1831 1249 1912 είκότως
1268 1835 1306 1900 ἐν

350 1931 494 2024 ἡλικίαις
514 1960 551 2002 τε
573 1936 630 2003 καλ
657 1936 821 2016 ἐξουσίαις
844 1932 1018 2026 διαφόροις
1043 1932 1104 2022 οὐχ
1128 1932 1225 2024 όμοια
1249 1938 1303 2022 γέ-

351 2036 484 2126 γονετά
498 2036 750 2125 ἐπιτηδεύματα.
774 2032 818 2118 ὡς
836 2036 868 2107 δ’
889 2042 1011 2108 ἕκαστα
1029 2037 1158 2107 τούτων
1178 2040 1304 2126 πέπρα-
1325 2061 1349 2102 ιε

353 2168 445 2228 πται,
465 2138 547 2209 κατά
560 2140 700 2231 χρόνους
712 2143 768 2211 καλ
782 2147 980 2222 δυναστείας
997 2140 1205 2230 διηγήσομαι.

324 2244 344 2306 2
364 2245 366 2252 ’
455 2250 502 2337 τῷ
519 2244 730 2332 βασιλεύοντι
740 2245 872 2337 Μάρκῳ
882 2248 1067 2335 θυγατέρες
1079 2245 1141 2333 μὲν
1155 2247 1307 2332 ἐγένοντο

354 2353 509 2433 πλείους,
529 2346 666 2439 ἄρρενες
687 2348 725 2418 δὲ
745 2348 817 2418 δύο.
844 2353 913 2416 τῶν
927 2349 965 2418 δὲ
978 2344 1131 2438 ἀρρένων
1143 2347 1273 2417 τούτων
1289 2344 1307 2416 ὁ

352 2450 415 2541 μέν
428 2454 538 2541 ἕτερος
557 2456 679 2540 κομιδή
697 2453 772 2532 νέος
790 2448 850 2520 τόν
868 2459 944 2539 βίον
964 2452 1143 2541 μετήλλαξε
1165 2450 1305 2540 (θηρίο-

352 2576 447 2645 σιμος
469 2552 500 2624 δ’
517 2545 560 2642 ήν
580 2552 684 2642 ὄνομα
697 2552 812 2649 αὐτῷ),
832 2552 891 2623 τόν
905 2554 942 2623 δέ
956 2555 1114 2644 περιόντα
1127 2553 1307 2643 Κόμμοδόν
1324 2574 1350 2614 2⁰

353 2686 390 2729 τε
402 2657 611 2746 καλοόμενον
627 2654 766 2750 δπατήρ
780 2656 862 2749 μετά
881 2664 1003 2747 πολλῆς
1023 2662 1211 2747 ἐπιμελείας
1229 2655 1306 2726 άνε-

354 2764 521 2852 θρέψατο,
536 2762 706 2832 πάντοθεν
724 2760 803 2843 τοδς
826 2765 949 2843 ἐντοῖς
970 2768 1106 2832 ἔθνεσιν
1126 2763 1180 2831 ἐπὶ
1199 2761 1309 2849 λόγοις

357 2864 601 2952 δοκιμωτάτους
628 2868 682 2934 ἐπὶ
707 2866 904 2948 συντάξεσιν
923 2862 986 2935 οόκ
1008 2864 1308 2955 εὐκαταφρονήτως

356 2973 484 3052 καλῶν,
498 2963 587 3046 ὅπως
599 2967 757 3047 συνόντες
776 2964 829 3036 ἀεὶ
842 2967 1036 3037 παιδεύοιεν
1048 2965 1138 3061 αὐτῷ
1151 2967 1210 3038 τὸν
1222 2968 1307 3038 υίόν.

326 3087 343 3139 2
358 3070 416 3151 τάς
433 3097 470 3140 τε
489 3071 676 3160 θυγατέρας
695 3073 733 3138 ἐν
746 3066 817 3162 όόρηι
830 3073 1010 3159 γενομένας
1023 3075 1151 3154 ἐξέδοτο
1165 3069 1306 3160 άνδράσι
1325 3094 1351 3136 ιε

357 3179 416 3263 τῆς
434 3172 621 3262 συγκλήτου
640 3178 763 3262 βουλῆς
774 3190 843 3254 τοῖς
856 3171 1019 3264 ἀρίστοις,
1039 3172 1080 3244 οὐ
1093 3173 1170 3256 τούς
1190 3177 1309 3262 γένους

359 3293 500 3367 μακραῖς
526 3282 694 3364 διαδοχαῖς
716 3274 932 3367 εὐπατρίδας,
954 3275 1034 3348 οὐδὲ
1058 3277 1135 3359 τοὺς
1161 3278 1308 3348 πλούτου

360 3388 551 3471 περιβολαῖς
569 3379 756 3470 λαμπρούς,
778 3388 936 3470 κοσμίους
961 3382 999 3452 δὲ
1019 3380 1078 3452 τόν
1103 3381 1227 3473 τρόπον
1252 3383 1308 3450 καὶ

361 3482 537 3574 σόφρονας
549 3482 608 3553 τόν
621 3491 697 3572 βίον
715 3483 885 3573 γαμβροὺς
902 3480 994 3580 αὐτῷ
1006 3488 1164 3573 γενέσθαι
1176 3486 1306 3554 θέλων·

360 3592 465 3658 ταῦτα
483 3586 547 3678 γάρ
567 3587 652 3677 μόνα
676 3593 782 3677 ψυχῆς
802 3594 872 3676 ίδιᾳ
893 3590 950 3658 καὶ
969 3586 1174 3677 άναφαίρετα
1197 3583 1308 3676 ἡγεῖτο
1326 3613 1352 3653 ιο

332 3708 350 3763 3
365 3691 521 3782 κτήματα.
571 3689 688 3782 άρετής
706 3691 744 3762 δὲ
763 3689 869 3781 πάσης
888 3698 1005 3782 ἔμελεν
1017 3688 1122 3782 αὐτῷ,
1143 3689 1254 3777 λόγων
1272 3718 1309 3760 τε

215 3803 243 3877 Ι
344 3791 569 3880 ἆθῖσισῖητος
589 3786 635 3883 ήν
653 3795 811 3887 ἐραστής,
831 3791 875 3879 οἱς
896 3794 1035 3888 μηδενός
1049 3791 1129 3884 μήτε
1142 3790 1309 3883 Ῥωμαίων
