3134 4367
321 430 361 492 80
720 434 869 494 TPITON

320 604 425 677 αὐτόν
439 602 569 695 ἀγαθάς
577 631 613 674 τε
626 598 804 693 ἀπέφηναν
817 603 874 686 τάς
888 607 1032 685 ἐλπίδας.
1049 601 1068 675 δ
1081 606 1120 675 δέ
1134 604 1273 688 έπιδοδς

320 707 433 790 αὐτοῖς
449 706 706 797 μεγαλοφρόνως
721 707 864 797 δωρεάς,
884 716 942 796 τῆς
963 709 1019 777 ἐπὶ
1039 707 1098 777 τόν
1116 704 1273 799 Ἀλβῖνον

289 809 403 891 ςδδοῦ
418 822 531 900 εἴχετο.
584 817 709 899 ἔπεμψε
729 810 767 880 δὲ
786 813 843 880 καὶ
863 808 941 891 τοδς
960 807 997 879 τὸ
1010 812 1194 895 Βυζάντιον
1208 839 1273 882 πο-

320 915 570 1005 λιορκήσοντας·
586 920 681 1002 ἔμενε
695 912 758 1003 γὰρ
772 920 821 983 ἔτι
834 916 1077 1010 κεκλεισμένον,
1092 921 1160 984 τῶν
1174 938 1272 1004 στρα-

319 1025 430 1107 τηγῶν
448 1024 507 1087 τοῦ
520 1022 652 1107 Νίγρου
672 1019 778 1087 ἐκεῖσε
799 1016 1071 1105 καταφυγόντων.
1087 1014 1169 1108 ὅπερ
1186 1018 1271 1088 ἑάλω
1288 1044 1301 1086 ε

267 1157 286 1182 ι.
299 1149 332 1181 αι
340 1118 481 1211 ὕστερον
493 1127 588 1212 λιμῶ,
603 1116 692 1190 πάσά
704 1148 739 1190 τε
756 1116 777 1208 η
792 1119 886 1201 πόλις
898 1120 1104 1210 κατεσκάφη,
1118 1124 1175 1190 καὶ
1187 1122 1273 1191 θεά-

317 1253 407 1313 τρων
433 1251 468 1293 τε
495 1225 551 1293 καὶ
571 1229 723 1310 λουτρῶν
749 1223 872 1304 παντός
894 1251 929 1293 τε
948 1221 1076 1312 κόσμου
1100 1227 1155 1293 καὶ
1176 1233 1273 1315 τιμῆς

318 1324 504 1417 ἀφαιρεθέν
518 1323 555 1395 τὸ
569 1324 750 1410 Βυζάντιον
763 1325 857 1415 κῶμη
875 1326 1051 1397 δουλεύειν
1071 1335 1271 1418 Περινθίοις

317 1436 429 1520 δῶρον
455 1428 576 1517 ἐδόθη,
603 1426 714 1519 ῶσπερ
740 1431 798 1498 καὶ
826 1426 1006 1517 Ἀντιόχεια
1032 1436 1268 1501 Λαοδικεῦσιν.

318 1540 443 1621 ἔπεμψε
463 1532 501 1601 δὲ
522 1535 578 1602 καλ
598 1532 746 1621 χρήματα
767 1540 904 1602 πλεῖστα
929 1536 962 1614 ές
984 1529 1178 1623 ἀνοικισμὸν
1198 1541 1267 1604 τῶν
1286 1564 1309 1604 ιο

268 1650 302 1702 10
318 1636 448 1707 πόλεων
464 1630 503 1715 ἀς
518 1626 561 1723 ἦν
574 1636 802 1725 λυμηνάμενος
817 1631 835 1705 ὁ
848 1643 983 1724 Νίγρου
995 1636 1140 1726 στρατός.
1169 1634 1270 1717 αὐτὸς

317 1741 356 1810 δὲ
370 1746 427 1828 της
441 1734 523 1808 ὁδοῦ
539 1749 659 1827 είχετο,
674 1744 839 1827 μηδεμίαν
853 1735 977 1827 ἀνοχὴν
997 1736 1192 1830 ἀναπαόλης
1215 1746 1269 1811 δι-

317 1841 399 1923 δοάς
417 1840 498 1929 μήτε
517 1842 644 1931 ἑορταῖς
663 1842 743 1930 μήτε
762 1842 936 1930 καμάτοις,
956 1842 1082 1933 κρόους
1103 1846 1159 1913 καὶ
1180 1844 1268 1913 θάλ-

316 1971 399 2024 πους
419 1940 539 2031 ὁμοίως
559 1951 792 2032 καταφρονῶν.
834 1944 990 2025 πολλάκις
1010 1953 1096 2034 γοῦν
1115 1946 1172 2016 διά
1199 1954 1267 2017 τῶν

316 2047 543 2134 δυσχειμίρων
564 2047 621 2116 καὶ
642 2043 858 2135 ὑψηλοτάτων
876 2044 966 2137 ὀρῶν
986 2046 1048 2136 τὴν
1069 2043 1266 2139 ὁδοιπορίαν
1284 2078 1306 2119 ιε

315 2146 514 2237 ποιούμενος
527 2145 593 2218 ὑπδ
606 2165 752 2238 νιφετοῖς
765 2151 821 2219 καὶ
832 2149 939 2238 χιόσιν
951 2147 1131 2245 ἀκαλύπτῳ
1150 2160 1190 2243 τῇ
1210 2181 1267 2223 κε-

271 2261 273 2264 ’
315 2259 406 2342 φαλῇ
423 2248 616 2342 ῶδοιπόρει,
630 2258 821 2341 προθυμίαις
834 2255 890 2322 καί
903 2250 1059 2341 ἀνδρείας
1079 2254 1116 2325 τὸ
1134 2256 1267 2327 ἐνδόσι-

314 2383 379 2443 μον
390 2370 459 2435 τοῖς
474 2354 687 2447 στρατιώταις
700 2363 787 2448 ἔργῳ
801 2355 933 2444 διδοός,
953 2353 997 2438 ῶς
1015 2357 1060 2446 μὴ
1082 2359 1189 2447 μόνον
1202 2357 1266 2431 αό-

314 2456 393 2539 τοδς
413 2458 509 2552 φόβῳ
528 2460 584 2528 καὶ
604 2458 696 2552 νόμῳ
717 2456 866 2548 ἀντέχειν
887 2458 969 2550 πρός
988 2457 1066 2543 τούς
1087 2462 1265 2551 καμάτους,

314 2558 397 2632 ἀλλά
414 2564 470 2640 καὶ
486 2560 619 2654 μιμήσει
639 2565 696 2633 καὶ
709 2560 795 2655 ζήλῳ
809 2570 868 2632 τοῦ
881 2565 1050 2653 βασιλέως.
1084 2571 1212 2653 ἔπεμψε
1227 2565 1264 2636 δὲ
1280 2588 1303 2627 2⁰

313 2667 370 2735 καὶ
385 2664 527 2756 στρατὸν
549 2665 745 2755 [δυνάμεως]
767 2665 826 2736 τὸν
846 2665 886 2736 τά
907 2665 1008 2736 στενά
1026 2673 1094 2736 τῶν
1110 2665 1265 2741 ’Ἁλπεων

313 2771 586 2859 καταληψόμενον
598 2771 655 2840 καὶ
665 2769 900 2860 φρουρήσοντα
909 2776 965 2857 τῆς
974 2766 1110 2852 Ἰταλίας
1123 2770 1181 2853 τάς
1195 2778 1264 2842 είσ-

314 2871 423 2960 βολάς.
549 2871 553 2880 ’

284 2980 302 3038 7
416 2969 461 3054 ῶς
474 2973 511 3042 δὲ
520 2969 689 3063 ἀπηγγέλη
704 2980 749 3067 τῶ
764 2970 904 3064 Ἀλβίνμ
918 2970 963 3061 μὴ
976 2975 1106 3062 μέλλων
1119 2970 1137 3044 ό
1152 2983 1263 3066 Σευῆ-

314 3104 372 3167 ρος
384 3072 458 3147 ἀλλ’
474 3072 538 3164 ἤδη
552 3075 791 3164 παρεσόμευος,
806 3071 993 3159 ὑπτιάζοντι
1015 3079 1070 3147 καὶ
1090 3086 1262 3168 τρυφῶντι
1278 3110 1299 3152 τε

313 3178 461 3268 μεγάλην
479 3177 625 3267 ταραχὴν
650 3181 796 3267 ἐνέβαλε.
836 3183 1038 3268 περαιωθεὶς
1058 3181 1095 3251 δέ
1119 3179 1185 3253 ἀπὸ
1207 3190 1262 3271 τῆς

313 3288 513 3371 Βρεττανίας
530 3283 563 3363 ἐς
576 3279 636 3372 τὴν
656 3278 886 3371 ἀντικειμένην
899 3290 1045 3353 Γαλλίαν
1064 3288 1262 3374 ἐστρατοπέ-

314 3388 445 3453 δευσεν.
466 3387 593 3473 ἔπεμψέ
603 3413 639 3455 τε
652 3388 684 3466 ές
698 3385 805 3455 πάντα
820 3383 860 3455 τὰ
876 3394 1071 3474 γειτνιῶντα
1084 3395 1181 3477 ἔθνη,
1196 3405 1262 3471 τοῖς

312 3513 348 3555 τε
361 3481 559 3575 ἡγουμένοις
572 3490 737 3559 ἐπέστειλε
749 3486 898 3579 χρήματά
911 3484 946 3559 τε
959 3492 1101 3580 πέμπειν
1115 3496 1172 3561 καί
1184 3520 1261 3580 τρο-

312 3587 378 3677 φάς
390 3598 436 3682 τῷ
452 3597 590 3682 στρατῶ.
619 3593 675 3661 καὶ
690 3597 725 3661 οἱ
740 3592 802 3680 μὲν
815 3595 1007 3675 πεισθέντες
1021 3602 1173 3683 ε”πεμιγαν
1186 3592 1260 3665 όλε-
1275 3618 1297 3658 ³⁰

311 3701 434 3782 θρίως·
451 3689 592 3784 ὕστερον
605 3692 668 3784 γάρ
683 3695 926 3785 ἐκολάσθησαν·
948 3693 1021 3767 ὅσοι
1041 3698 1078 3767 δὲ
1103 3696 1167 3768 οὐκ
1188 3702 1260 3769 ἐπί-

305 3818 454 3868 στευσαν
466 3794 614 3886 εὐτυχῶς
622 3807 749 3889 μᾶλλον
758 3799 894 3889 γνόντες
906 3794 927 3888 ἢ
941 3796 1260 3892 εόβοάλως,ἐσῶθη-
