<?xml version="1.0" encoding="UTF-8"?>
<!DOCTYPE html PUBLIC "-//W3C//DTD XHTML 1.0 Transitional//EN"
    "http://www.w3.org/TR/xhtml1/DTD/xhtml1-transitional.dtd">
<html xmlns="http://www.w3.org/1999/xhtml" xml:lang="en" lang="en">
 <head>
  <title>
</title>
<meta http-equiv="Content-Type" content="text/html;charset=utf-8" />
  <meta name='ocr-system' content='tesseract 3.04.00' />
  <meta name='ocr-capabilities' content='ocr_page ocr_carea ocr_par ocr_line ocrx_word'/>
</head>
<body>
  <div class='ocr_page' id='page_1' title='image "./herodianiabexce00herogoog_0328.png"; bbox 0 0 3134 4367; ppageno 0'>
   <div class='ocr_carea' id='block_1_1' title="bbox 364 440 969 507">
    <p class='ocr_par' dir='ltr' id='par_1_1' title="bbox 364 440 969 507">
     <span class='ocr_line' id='line_1_1' title="bbox 364 440 969 507; baseline 0 -15"><span class='ocrx_word' id='word_1_1' title='bbox 364 444 406 507; x_wconf 84' lang='lat'><strong><em>42</em></strong></span> <span class='ocrx_word' id='word_1_2' title='bbox 720 440 969 495; x_wconf 68' lang='grc' dir='ltr'><strong><em>οαοαεαοοον</em></strong></span> 
     </span>
    </p>
   </div>
   <div class='ocr_carea' id='block_1_2' title="bbox 363 608 1326 1829">
    <p class='ocr_par' dir='ltr' id='par_1_2' title="bbox 363 608 1326 1317">
     <span class='ocr_line' id='line_1_2' title="bbox 363 608 1326 703; baseline -0.001 -19"><span class='ocrx_word' id='word_1_3' title='bbox 363 630 476 703; x_wconf 81' lang='grc' dir='ltr'><strong><em>χεῖρας</em></strong></span> <span class='ocrx_word' id='word_1_4' title='bbox 496 615 630 700; x_wconf 67' lang='grc' dir='ltr'><strong><em>ἐλθεῖν,</em></strong></span> <span class='ocrx_word' id='word_1_5' title='bbox 656 608 743 703; x_wconf 72' lang='grc' dir='ltr'><strong><em>ὑπὲρ</em></strong></span> <span class='ocrx_word' id='word_1_6' title='bbox 762 611 821 693; x_wconf 84' lang='grc' dir='ltr'><strong><em>τάς</em></strong></span> <span class='ocrx_word' id='word_1_7' title='bbox 841 613 990 700; x_wconf 81' lang='grc' dir='ltr'><strong><em>κεφαλάς</em></strong></span> <span class='ocrx_word' id='word_1_8' title='bbox 1010 615 1164 702; x_wconf 83' lang='grc' dir='ltr'><strong><em>μετέωρα</em></strong></span> <span class='ocrx_word' id='word_1_9' title='bbox 1188 612 1228 683; x_wconf 83' lang='grc' dir='ltr'><strong><em>τὰ</em></strong></span> <span class='ocrx_word' id='word_1_10' title='bbox 1248 618 1326 703; x_wconf 80' lang='grc' dir='ltr'><strong><em>ξίφη</em></strong></span> 
     </span>
     <span class='ocr_line' id='line_1_3' title="bbox 364 713 1326 806; baseline 0 -20"><span class='ocrx_word' id='word_1_11' title='bbox 364 715 447 805; x_wconf 80' lang='grc' dir='ltr'><strong><em>πρὸς</em></strong></span> <span class='ocrx_word' id='word_1_12' title='bbox 474 713 534 785; x_wconf 86' lang='grc' dir='ltr'><strong><em>τὸν</em></strong></span> <span class='ocrx_word' id='word_1_13' title='bbox 559 714 654 805; x_wconf 75' lang='grc' dir='ltr'><strong><em>ἥλιον</em></strong></span> <span class='ocrx_word' id='word_1_14' title='bbox 680 714 775 804; x_wconf 77' lang='grc' dir='ltr'><strong><em>θαμὰ</em></strong></span> <span class='ocrx_word' id='word_1_15' title='bbox 801 723 1095 806; x_wconf 73' lang='grc' dir='ltr'><strong><em>παρεγκλίνοντος·</em></strong></span> <span class='ocrx_word' id='word_1_16' title='bbox 1122 719 1326 805; x_wconf 75' lang='grc' dir='ltr'><strong><em>ἑσμηγμέναι</em></strong></span> 
     </span>
     <span class='ocr_line' id='line_1_4' title="bbox 364 815 1324 909; baseline 0 -21"><span class='ocrx_word' id='word_1_17' title='bbox 364 817 429 908; x_wconf 81' lang='grc' dir='ltr'><strong><em>γάρ</em></strong></span> <span class='ocrx_word' id='word_1_18' title='bbox 443 819 558 906; x_wconf 80' lang='grc' dir='ltr'><strong><em>αλχμαλ</em></strong></span> <span class='ocrx_word' id='word_1_19' title='bbox 578 819 635 887; x_wconf 82' lang='grc' dir='ltr'><strong><em>καὶ</em></strong></span> <span class='ocrx_word' id='word_1_20' title='bbox 654 815 788 907; x_wconf 86' lang='grc' dir='ltr'><strong><em>λαμπρά</em></strong></span> <span class='ocrx_word' id='word_1_21' title='bbox 802 822 881 908; x_wconf 82' lang='grc' dir='ltr'><strong><em>ξίφη</em></strong></span> <span class='ocrx_word' id='word_1_22' title='bbox 894 821 952 889; x_wconf 83' lang='grc' dir='ltr'><strong><em>καὶ</em></strong></span> <span class='ocrx_word' id='word_1_23' title='bbox 965 818 1134 907; x_wconf 77' lang='grc' dir='ltr'><strong><em>ἐπάλληλα</em></strong></span> <span class='ocrx_word' id='word_1_24' title='bbox 1149 843 1324 909; x_wconf 81' lang='grc' dir='ltr'><strong><em>παραμαρ-</em></strong></span> 
     </span>
     <span class='ocr_line' id='line_1_5' title="bbox 363 917 1325 1012; baseline 0 -21"><span class='ocrx_word' id='word_1_25' title='bbox 363 929 526 1011; x_wconf 89' lang='grc' dir='ltr'><strong><em>μαίροντα</em></strong></span> <span class='ocrx_word' id='word_1_26' title='bbox 547 920 630 1010; x_wconf 77' lang='grc' dir='ltr'><strong><em>πρὸς</em></strong></span> <span class='ocrx_word' id='word_1_27' title='bbox 650 917 854 1010; x_wconf 78' lang='grc' dir='ltr'><strong><em>ἀνταύγειαν</em></strong></span> <span class='ocrx_word' id='word_1_28' title='bbox 881 919 978 1011; x_wconf 83' lang='grc' dir='ltr'><em>ἡλίου</em></span> <span class='ocrx_word' id='word_1_29' title='bbox 1005 919 1123 1009; x_wconf 79' lang='grc' dir='ltr'><strong><em>δεινὴν</em></strong></span> <span class='ocrx_word' id='word_1_30' title='bbox 1152 917 1325 1012; x_wconf 77' lang='grc' dir='ltr'><strong><em>ἀστραπὴν</em></strong></span> 
     </span>
     <span class='ocr_line' id='line_1_6' title="bbox 363 1023 1326 1113; baseline -0.001 -19"><span class='ocrx_word' id='word_1_31' title='bbox 363 1026 511 1113; x_wconf 80' lang='grc' dir='ltr'><strong><em>πολέμου</em></strong></span> <span class='ocrx_word' id='word_1_32' title='bbox 529 1026 772 1112; x_wconf 78' lang='grc' dir='ltr'><strong><em>προεκπέμπει·</em></strong></span> <span class='ocrx_word' id='word_1_33' title='bbox 800 1024 858 1093; x_wconf 80' lang='grc' dir='ltr'><strong><em>καὶ</em></strong></span> <span class='ocrx_word' id='word_1_34' title='bbox 876 1025 973 1094; x_wconf 83' lang='grc' dir='ltr'><strong><em>ταυτὶ</em></strong></span> <span class='ocrx_word' id='word_1_35' title='bbox 984 1023 1048 1112; x_wconf 69' lang='grc' dir='ltr'><strong><em>μὲν</em></strong></span> <span class='ocrx_word' id='word_1_36' title='bbox 1061 1030 1093 1093; x_wconf 84' lang='grc' dir='ltr'><strong><em>εί</em></strong></span> <span class='ocrx_word' id='word_1_37' title='bbox 1104 1030 1257 1111; x_wconf 86' lang='grc' dir='ltr'><strong><em>γίγνοιτο</em></strong></span> <span class='ocrx_word' id='word_1_38' title='bbox 1270 1026 1326 1094; x_wconf 83' lang='grc' dir='ltr'><strong><em>καὶ</em></strong></span> 
     </span>
     <span class='ocr_line' id='line_1_7' title="bbox 363 1116 1324 1216; baseline 0.001 -21"><span class='ocrx_word' id='word_1_39' title='bbox 363 1125 454 1216; x_wconf 85' lang='grc' dir='ltr'><strong><em>παρά</em></strong></span> <span class='ocrx_word' id='word_1_40' title='bbox 479 1142 548 1207; x_wconf 78' lang='grc' dir='ltr'><strong><em>τοῖς</em></strong></span> <span class='ocrx_word' id='word_1_41' title='bbox 568 1133 757 1214; x_wconf 81' lang='grc' dir='ltr'><strong><em>πολεμίοις,</em></strong></span> <span class='ocrx_word' id='word_1_42' title='bbox 782 1116 1101 1214; x_wconf 82' lang='grc' dir='ltr'><strong><em>άντικαταπλήττειν</em></strong></span> <span class='ocrx_word' id='word_1_43' title='bbox 1126 1122 1324 1215; x_wconf 80' lang='grc' dir='ltr'><strong><em>άναγιιαῑον,</em></strong></span> 
     </span>
     <span class='ocr_line' id='line_1_8' title="bbox 364 1226 808 1317; baseline -0.007 -17"><span class='ocrx_word' id='word_1_44' title='bbox 364 1236 395 1300; x_wconf 81' lang='grc' dir='ltr'><strong><em>εἰ</em></strong></span> <span class='ocrx_word' id='word_1_45' title='bbox 410 1229 446 1299; x_wconf 69' lang='grc' dir='ltr'><strong><em>δὲ</em></strong></span> <span class='ocrx_word' id='word_1_46' title='bbox 462 1226 523 1317; x_wconf 87' lang='grc' dir='ltr'><strong><em>μή,</em></strong></span> <span class='ocrx_word' id='word_1_47' title='bbox 539 1228 808 1317; x_wconf 85' lang='grc' dir='ltr'><strong><em>προεκπλήττειν.</em></strong></span> 
     </span>
    </p>

    <p class='ocr_par' dir='ltr' id='par_1_3' title="bbox 363 1326 1324 1829">
     <span class='ocr_line' id='line_1_9' title="bbox 414 1326 1324 1421; baseline -0.004 -19"><span class='ocrx_word' id='word_1_48' title='bbox 414 1342 444 1403; x_wconf 86' lang='grc'><strong><em>3.</em></strong></span> <span class='ocrx_word' id='word_1_49' title='bbox 465 1333 572 1400; x_wconf 80' lang='grc' dir='ltr'><strong><em>ἐνίοτε</em></strong></span> <span class='ocrx_word' id='word_1_50' title='bbox 593 1332 633 1400; x_wconf 76' lang='grc' dir='ltr'><strong><em>δέ</em></strong></span> <span class='ocrx_word' id='word_1_51' title='bbox 650 1356 731 1400; x_wconf 86' lang='grc' dir='ltr'><strong><em>ποτε</em></strong></span> <span class='ocrx_word' id='word_1_52' title='bbox 751 1328 913 1419; x_wconf 73' lang='grc' dir='ltr'><strong><em>χρήσιμον</em></strong></span> <span class='ocrx_word' id='word_1_53' title='bbox 934 1332 971 1398; x_wconf 75' lang='grc' dir='ltr'><strong><em>ἐν</em></strong></span> <span class='ocrx_word' id='word_1_54' title='bbox 985 1334 1092 1421; x_wconf 74' lang='grc' dir='ltr'><strong><em>καιρῷ</em></strong></span> <span class='ocrx_word' id='word_1_55' title='bbox 1106 1328 1153 1417; x_wconf 78' lang='grc' dir='ltr'><strong><em>μὴ</em></strong></span> <span class='ocrx_word' id='word_1_56' title='bbox 1175 1326 1324 1416; x_wconf 82' lang='grc' dir='ltr'><strong><em>φθάνειν</em></strong></span> 
     </span>
     <span class='ocr_line' id='line_1_10' title="bbox 363 1426 1323 1521; baseline -0.003 -18"><span class='ocrx_word' id='word_1_57' title='bbox 363 1432 561 1503; x_wconf 78' lang='grc' dir='ltr'><strong><em>ἐκτάττοντα</em></strong></span> <span class='ocrx_word' id='word_1_58' title='bbox 575 1430 637 1521; x_wconf 78' lang='grc' dir='ltr'><strong><em>τὴν</em></strong></span> <span class='ocrx_word' id='word_1_59' title='bbox 650 1431 814 1521; x_wconf 77' lang='grc' dir='ltr'><strong><em>δύναμιν,</em></strong></span> <span class='ocrx_word' id='word_1_60' title='bbox 835 1428 919 1503; x_wconf 83' lang='grc' dir='ltr'><strong><em>άλλά</em></strong></span> <span class='ocrx_word' id='word_1_61' title='bbox 940 1433 1022 1511; x_wconf 82' lang='grc' dir='ltr'><strong><em>τέως</em></strong></span> <span class='ocrx_word' id='word_1_62' title='bbox 1042 1427 1135 1511; x_wconf 81' lang='grc' dir='ltr'><strong><em>ἐντὸς</em></strong></span> <span class='ocrx_word' id='word_1_63' title='bbox 1149 1436 1211 1502; x_wconf 80' lang='grc' dir='ltr'><strong><em>τοῦ</em></strong></span> <span class='ocrx_word' id='word_1_64' title='bbox 1223 1426 1323 1520; x_wconf 82' lang='grc' dir='ltr'><strong><em>χάρα-</em></strong></span> 
     </span>
     <span class='ocr_line' id='line_1_11' title="bbox 363 1530 1322 1623; baseline -0.002 -20"><span class='ocrx_word' id='word_1_65' title='bbox 363 1562 420 1615; x_wconf 86' lang='grc' dir='ltr'><strong><em>κος</em></strong></span> <span class='ocrx_word' id='word_1_66' title='bbox 441 1536 611 1622; x_wconf 79' lang='grc' dir='ltr'><strong><em>κατέχειν,</em></strong></span> <span class='ocrx_word' id='word_1_67' title='bbox 631 1531 725 1623; x_wconf 75' lang='grc' dir='ltr'><strong><em>ἄχρις</em></strong></span> <span class='ocrx_word' id='word_1_68' title='bbox 746 1531 790 1603; x_wconf 83' lang='grc' dir='ltr'><strong><em>άν</em></strong></span> <span class='ocrx_word' id='word_1_69' title='bbox 810 1532 1019 1619; x_wconf 81' lang='grc' dir='ltr'><strong><em>κατοπτεάση</em></strong></span> <span class='ocrx_word' id='word_1_70' title='bbox 1040 1530 1103 1622; x_wconf 79' lang='grc' dir='ltr'><strong><em>τὴν</em></strong></span> <span class='ocrx_word' id='word_1_71' title='bbox 1129 1537 1200 1602; x_wconf 71' lang='grc' dir='ltr'><strong><em>τῶν</em></strong></span> <span class='ocrx_word' id='word_1_72' title='bbox 1227 1542 1322 1602; x_wconf 87' lang='grc' dir='ltr'><strong><em>πολε-</em></strong></span> 
     </span>
     <span class='ocr_line' id='line_1_12' title="bbox 363 1631 1324 1727; baseline -0.001 -22"><span class='ocrx_word' id='word_1_73' title='bbox 363 1644 452 1725; x_wconf 84' lang='grc' dir='ltr'><strong><em>μίων</em></strong></span> <span class='ocrx_word' id='word_1_74' title='bbox 465 1635 667 1727; x_wconf 75' lang='grc' dir='ltr'><strong><em>παράταξιν,</em></strong></span> <span class='ocrx_word' id='word_1_75' title='bbox 689 1633 788 1706; x_wconf 85' lang='grc' dir='ltr'><strong><em>ὁποία</em></strong></span> <span class='ocrx_word' id='word_1_76' title='bbox 809 1644 859 1718; x_wconf 81' lang='grc' dir='ltr'><strong><em>τίς</em></strong></span> <span class='ocrx_word' id='word_1_77' title='bbox 879 1639 949 1706; x_wconf 81' lang='grc' dir='ltr'><strong><em>ἐστι</em></strong></span> <span class='ocrx_word' id='word_1_78' title='bbox 971 1637 1027 1706; x_wconf 83' lang='grc' dir='ltr'><strong><em>καὶ</em></strong></span> <span class='ocrx_word' id='word_1_79' title='bbox 1042 1631 1087 1717; x_wconf 75' lang='grc' dir='ltr'><strong><em>ὡς</em></strong></span> <span class='ocrx_word' id='word_1_80' title='bbox 1100 1636 1256 1706; x_wconf 77' lang='grc' dir='ltr'><strong><em>τέτακται</em></strong></span> <span class='ocrx_word' id='word_1_81' title='bbox 1268 1636 1324 1705; x_wconf 82' lang='grc' dir='ltr'><strong><em>καὶ</em></strong></span> 
     </span>
     <span class='ocr_line' id='line_1_13' title="bbox 364 1736 819 1829; baseline 0.007 -22"><span class='ocrx_word' id='word_1_82' title='bbox 364 1736 420 1826; x_wconf 80' lang='grc' dir='ltr'><strong><em>ἐφ’</em></strong></span> <span class='ocrx_word' id='word_1_83' title='bbox 436 1743 519 1809; x_wconf 79' lang='grc' dir='ltr'><strong><em>οἴων</em></strong></span> <span class='ocrx_word' id='word_1_84' title='bbox 532 1745 663 1810; x_wconf 80' lang='grc' dir='ltr'><strong><em>ἵσταται</em></strong></span> <span class='ocrx_word' id='word_1_85' title='bbox 677 1746 819 1829; x_wconf 82' lang='grc' dir='ltr'><strong><em>χωρίων.</em></strong></span> 
     </span>
    </p>
   </div>
   <div class='ocr_carea' id='block_1_3' title="bbox 680 2108 1012 2180">
    <p class='ocr_par' dir='ltr' id='par_1_4' title="bbox 680 2108 1012 2180">
     <span class='ocr_line' id='line_1_14' title="bbox 680 2108 1012 2180; baseline 0 -1"><span class='ocrx_word' id='word_1_86' title='bbox 680 2108 947 2180; x_wconf 84' lang='grc' dir='ltr'><strong>ΚΕΦΑΛΑΙΟΝ</strong></span> <span class='ocrx_word' id='word_1_87' title='bbox 972 2111 1012 2180; x_wconf 90' lang='grc' dir='ltr'><strong><em>Λ.</em></strong></span> 
     </span>
    </p>
   </div>
   <div class='ocr_carea' id='block_1_4' title="bbox 361 2252 1324 2567">
    <p class='ocr_par' dir='ltr' id='par_1_5' title="bbox 361 2252 1324 2567">
     <span class='ocr_line' id='line_1_15' title="bbox 363 2252 1323 2315; baseline 0 -9"><span class='ocrx_word' id='word_1_88' title='bbox 363 2252 437 2315; x_wconf 90' lang='grc' dir='ltr'>[ΟΤΙ</span> <span class='ocrx_word' id='word_1_89' title='bbox 448 2254 511 2306; x_wconf 86' lang='grc' dir='ltr'><strong><em>ΔΕΙ</em></strong></span> <span class='ocrx_word' id='word_1_90' title='bbox 522 2254 597 2309; x_wconf 81' lang='grc' dir='ltr'><strong><em>ΤΟΝ</em></strong></span> <span class='ocrx_word' id='word_1_91' title='bbox 607 2256 831 2309; x_wconf 83' lang='grc' dir='ltr'>ΣΤΡΑΤΗΓΟΝ</span> <span class='ocrx_word' id='word_1_92' title='bbox 841 2256 918 2308; x_wconf 90' lang='grc' dir='ltr'><strong><em>ΠΡΟ</em></strong></span> <span class='ocrx_word' id='word_1_93' title='bbox 937 2254 1014 2307; x_wconf 86' lang='grc' dir='ltr'><strong><em>ΤΟΤ</em></strong></span> <span class='ocrx_word' id='word_1_94' title='bbox 1025 2253 1217 2308; x_wconf 72' lang='grc' dir='ltr'><strong>ΠΟΛΕΜΟΥ</strong></span> <span class='ocrx_word' id='word_1_95' title='bbox 1233 2255 1323 2308; x_wconf 75' lang='lat' dir='ltr'><strong><em>m-</em></strong></span> 
     </span>
     <span class='ocr_line' id='line_1_16' title="bbox 361 2338 1324 2405; baseline 0 -14"><span class='ocrx_word' id='word_1_96' title='bbox 361 2339 600 2405; x_wconf 69' lang='grc' dir='ltr'><strong>ΛΟΓΙΖΕΣΘᾸΙ,</strong></span> <span class='ocrx_word' id='word_1_97' title='bbox 624 2341 686 2392; x_wconf 91' lang='grc' dir='ltr'><strong><em>ΤΙΣ</em></strong></span> <span class='ocrx_word' id='word_1_98' title='bbox 708 2341 864 2393; x_wconf 84' lang='grc' dir='ltr'><strong>ΟΦΕΙΑΕΙ</strong></span> <span class='ocrx_word' id='word_1_99' title='bbox 886 2338 1106 2392; x_wconf 78' lang='grc' dir='ltr'>ΤΠΔΝΤΗΣΑΙ</span> <span class='ocrx_word' id='word_1_100' title='bbox 1125 2339 1226 2390; x_wconf 85' lang='grc' dir='ltr'><strong>ΚΑΤΑ</strong></span> <span class='ocrx_word' id='word_1_101' title='bbox 1248 2341 1324 2391; x_wconf 81' lang='grc' dir='ltr'><strong><em>ΤΗΝ</em></strong></span> 
     </span>
     <span class='ocr_line' id='line_1_17' title="bbox 391 2421 1294 2478; baseline 0.001 -4"><span class='ocrx_word' id='word_1_102' title='bbox 391 2424 603 2477; x_wconf 80' lang='grc' dir='ltr'><strong>ΣΤΜΒΟΑΗΝ</strong></span> <span class='ocrx_word' id='word_1_103' title='bbox 624 2425 688 2476; x_wconf 71' lang='lat' dir='ltr'><strong><em>Tm</em></strong></span> <span class='ocrx_word' id='word_1_104' title='bbox 710 2426 811 2478; x_wconf 84' lang='lat' dir='ltr'><strong>AEINI</strong></span> <span class='ocrx_word' id='word_1_105' title='bbox 832 2425 896 2475; x_wconf 81' lang='grc' dir='ltr'><strong><em>ΚΑΙ</em></strong></span> <span class='ocrx_word' id='word_1_106' title='bbox 917 2425 979 2474; x_wconf 83' lang='grc' dir='ltr'><strong><em>ΤΙΣ</em></strong></span> <span class='ocrx_word' id='word_1_107' title='bbox 1001 2422 1066 2474; x_wconf 71' lang='lat' dir='ltr'><strong><em>Tm</em></strong></span> <span class='ocrx_word' id='word_1_108' title='bbox 1086 2421 1207 2474; x_wconf 77' lang='grc' dir='ltr'><strong>ΑΛΛΩΙ</strong></span> <span class='ocrx_word' id='word_1_109' title='bbox 1229 2424 1294 2475; x_wconf 84' lang='grc' dir='ltr'><strong><em>ΚΑΙ</em></strong></span> 
     </span>
     <span class='ocr_line' id='line_1_18' title="bbox 422 2503 1250 2567; baseline -0.007 -3"><span class='ocrx_word' id='word_1_110' title='bbox 422 2507 562 2564; x_wconf 81' lang='grc' dir='ltr'><strong><em>,ΟΤΤΩΣ</em></strong></span> <span class='ocrx_word' id='word_1_111' title='bbox 579 2504 758 2567; x_wconf 77' lang='grc' dir='ltr'><strong>ΚΑΘΕΞΗΣ</strong></span> <span class='ocrx_word' id='word_1_112' title='bbox 774 2503 984 2565; x_wconf 77' lang='grc' dir='ltr'>ΕΞΕΤΑΖΕΙΝ</span> <span class='ocrx_word' id='word_1_113' title='bbox 1001 2507 1103 2559; x_wconf 83' lang='grc' dir='ltr'><strong><em>ΤΟΤΣ</em></strong></span> <span class='ocrx_word' id='word_1_114' title='bbox 1119 2506 1250 2559; x_wconf 84' lang='grc' dir='ltr'><strong>ΙΔΙΟΤΣ</strong></span> 
     </span>
    </p>
   </div>
   <div class='ocr_carea' id='block_1_5' title="bbox 466 2591 1221 2653">
    <p class='ocr_par' dir='ltr' id='par_1_6' title="bbox 466 2591 1221 2653">
     <span class='ocr_line' id='line_1_19' title="bbox 466 2591 1221 2653; baseline -0.001 -8"><span class='ocrx_word' id='word_1_115' title='bbox 466 2592 664 2647; x_wconf 78' lang='grc' dir='ltr'><strong><em>ΑΡΧΟΝΤΑΣ</em></strong></span> <span class='ocrx_word' id='word_1_116' title='bbox 680 2594 782 2646; x_wconf 85' lang='grc' dir='ltr'><strong>ΠΡΟΣ</strong></span> <span class='ocrx_word' id='word_1_117' title='bbox 800 2593 901 2645; x_wconf 82' lang='grc' dir='ltr'><strong><em>ΤΟΤΣ</em></strong></span> <span class='ocrx_word' id='word_1_118' title='bbox 917 2592 995 2645; x_wconf 81' lang='grc' dir='ltr'><strong><em>ΤΩΝ</em></strong></span> <span class='ocrx_word' id='word_1_119' title='bbox 1010 2591 1221 2653; x_wconf 70' lang='grc' dir='ltr'>ΕΝΑΝΤΤΩΝ.]</span> 
     </span>
    </p>
   </div>
   <div class='ocr_carea' id='block_1_6' title="bbox 317 2744 1321 3559">
    <p class='ocr_par' dir='ltr' id='par_1_7' title="bbox 317 2744 1321 3559">
     <span class='ocr_line' id='line_1_20' title="bbox 437 2744 1321 2838; baseline -0.001 -21"><span class='ocrx_word' id='word_1_120' title='bbox 437 2746 522 2817; x_wconf 85' lang='grc' dir='ltr'><strong><em>Εἶτά</em></strong></span> <span class='ocrx_word' id='word_1_121' title='bbox 544 2775 610 2820; x_wconf 88' lang='grc' dir='ltr'><strong><em>που</em></strong></span> <span class='ocrx_word' id='word_1_122' title='bbox 631 2751 705 2820; x_wconf 88' lang='grc' dir='ltr'><strong><em>τότε</em></strong></span> <span class='ocrx_word' id='word_1_123' title='bbox 727 2748 1034 2838; x_wconf 82' lang='grc' dir='ltr'><strong><em>συλλογισάμενον,</em></strong></span> <span class='ocrx_word' id='word_1_124' title='bbox 1054 2756 1148 2829; x_wconf 86' lang='grc' dir='ltr'><strong><em>τίνας</em></strong></span> <span class='ocrx_word' id='word_1_125' title='bbox 1161 2754 1250 2818; x_wconf 86' lang='grc' dir='ltr'><strong><em>τίσιν</em></strong></span> <span class='ocrx_word' id='word_1_126' title='bbox 1259 2744 1321 2816; x_wconf 87' lang='grc' dir='ltr'><strong><em>άν-</em></strong></span> 
     </span>
     <span class='ocr_line' id='line_1_21' title="bbox 317 2846 1321 2941; baseline 0.004 -26"><span class='ocrx_word' id='word_1_127' title='bbox 317 2871 351 2925; x_wconf 82' lang='lat'><strong><em>95</em></strong></span> <span class='ocrx_word' id='word_1_128' title='bbox 360 2846 524 2919; x_wconf 86' lang='grc' dir='ltr'><strong><em>τιτάττειν</em></strong></span> <span class='ocrx_word' id='word_1_129' title='bbox 536 2850 599 2940; x_wconf 78' lang='grc' dir='ltr'><strong><em>χρὴ</em></strong></span> <span class='ocrx_word' id='word_1_130' title='bbox 612 2854 669 2922; x_wconf 82' lang='grc' dir='ltr'><strong><em>καὶ</em></strong></span> <span class='ocrx_word' id='word_1_131' title='bbox 681 2859 757 2922; x_wconf 89' lang='grc' dir='ltr'><strong><em>τίνα</em></strong></span> <span class='ocrx_word' id='word_1_132' title='bbox 771 2851 917 2941; x_wconf 79' lang='grc' dir='ltr'><strong><em>τρόπον,</em></strong></span> <span class='ocrx_word' id='word_1_133' title='bbox 931 2849 1044 2941; x_wconf 75' lang='grc' dir='ltr'><strong><em>ὥσπερ</em></strong></span> <span class='ocrx_word' id='word_1_134' title='bbox 1059 2848 1192 2939; x_wconf 78' lang='grc' dir='ltr'><strong><em>άγαθὸν</em></strong></span> <span class='ocrx_word' id='word_1_135' title='bbox 1206 2848 1321 2937; x_wconf 79' lang='grc' dir='ltr'><strong><em>ἰατρὸν</em></strong></span> 
     </span>
     <span class='ocr_line' id='line_1_22' title="bbox 359 2949 1319 3042; baseline 0.002 -23"><span class='ocrx_word' id='word_1_136' title='bbox 359 2953 678 3042; x_wconf 84' lang='grc' dir='ltr'><strong><em>προκατανοήσαντα</em></strong></span> <span class='ocrx_word' id='word_1_137' title='bbox 696 2953 798 3023; x_wconf 83' lang='grc' dir='ltr'><strong><em>νόσον</em></strong></span> <span class='ocrx_word' id='word_1_138' title='bbox 812 2952 962 3042; x_wconf 74' lang='grc' dir='ltr'><strong><em>σώματος</em></strong></span> <span class='ocrx_word' id='word_1_139' title='bbox 974 2950 1176 3042; x_wconf 83' lang='grc' dir='ltr'><strong><em>άντεπάγειν</em></strong></span> <span class='ocrx_word' id='word_1_140' title='bbox 1189 2950 1231 3021; x_wconf 82' lang='grc' dir='ltr'><strong><em>τά</em></strong></span> <span class='ocrx_word' id='word_1_141' title='bbox 1245 2949 1319 3021; x_wconf 83' lang='grc' dir='ltr'><strong><em>άλε·</em></strong></span> 
     </span>
     <span class='ocr_line' id='line_1_23' title="bbox 359 3050 1318 3145; baseline -0.003 -20"><span class='ocrx_word' id='word_1_142' title='bbox 359 3052 484 3143; x_wconf 82' lang='grc' dir='ltr'><strong><em>ξήματα</em></strong></span> <span class='ocrx_word' id='word_1_143' title='bbox 511 3058 568 3125; x_wconf 79' lang='grc' dir='ltr'><strong><em>καὶ</em></strong></span> <span class='ocrx_word' id='word_1_144' title='bbox 594 3053 655 3145; x_wconf 80' lang='grc' dir='ltr'><strong><em>τὴν</em></strong></span> <span class='ocrx_word' id='word_1_145' title='bbox 683 3055 829 3145; x_wconf 76' lang='grc' dir='ltr'><strong><em>δύναμιν</em></strong></span> <span class='ocrx_word' id='word_1_146' title='bbox 850 3054 1038 3143; x_wconf 80' lang='grc' dir='ltr'><strong><em>ἐκτάττειν,</em></strong></span> <span class='ocrx_word' id='word_1_147' title='bbox 1065 3053 1110 3136; x_wconf 76' lang='grc' dir='ltr'><strong><em>ὡς</em></strong></span> <span class='ocrx_word' id='word_1_148' title='bbox 1135 3050 1179 3124; x_wconf 83' lang='grc' dir='ltr'><strong><em>άν</em></strong></span> <span class='ocrx_word' id='word_1_149' title='bbox 1204 3050 1318 3142; x_wconf 73' lang='grc' dir='ltr'><strong><em>ἄριστ’</em></strong></span> 
     </span>
     <span class='ocr_line' id='line_1_24' title="bbox 359 3153 1319 3249; baseline 0.004 -27"><span class='ocrx_word' id='word_1_150' title='bbox 359 3153 452 3249; x_wconf 72' lang='grc' dir='ltr'><strong><em>αὐτῷ</em></strong></span> <span class='ocrx_word' id='word_1_151' title='bbox 466 3157 559 3241; x_wconf 78' lang='grc' dir='ltr'><strong><em>δόξαι</em></strong></span> <span class='ocrx_word' id='word_1_152' title='bbox 573 3160 775 3249; x_wconf 81' lang='grc' dir='ltr'><strong><em>συμφέρειν·</em></strong></span> <span class='ocrx_word' id='word_1_153' title='bbox 798 3153 1040 3247; x_wconf 75' lang='grc' dir='ltr'><strong><em>ἀναγκάζονται</em></strong></span> <span class='ocrx_word' id='word_1_154' title='bbox 1054 3156 1118 3248; x_wconf 83' lang='grc' dir='ltr'><strong><em>γάρ</em></strong></span> <span class='ocrx_word' id='word_1_155' title='bbox 1133 3162 1169 3227; x_wconf 85' lang='grc' dir='ltr'><strong><em>ολ</em></strong></span> <span class='ocrx_word' id='word_1_156' title='bbox 1179 3176 1319 3246; x_wconf 86' lang='grc' dir='ltr'><strong><em>στρατη·</em></strong></span> 
     </span>
     <span class='ocr_line' id='line_1_25' title="bbox 358 3257 1320 3351; baseline 0.003 -27"><span class='ocrx_word' id='word_1_157' title='bbox 358 3258 412 3344; x_wconf 82' lang='grc' dir='ltr'><strong><em>γοὶ</em></strong></span> <span class='ocrx_word' id='word_1_158' title='bbox 432 3260 591 3341; x_wconf 83' lang='grc' dir='ltr'><strong><em>πολλάκις</em></strong></span> <span class='ocrx_word' id='word_1_159' title='bbox 605 3263 661 3332; x_wconf 82' lang='grc' dir='ltr'><strong><em>καὶ</em></strong></span> <span class='ocrx_word' id='word_1_160' title='bbox 681 3259 764 3349; x_wconf 79' lang='grc' dir='ltr'><strong><em>πρὸς</em></strong></span> <span class='ocrx_word' id='word_1_161' title='bbox 784 3259 863 3341; x_wconf 82' lang='grc' dir='ltr'><strong><em>τούς</em></strong></span> <span class='ocrx_word' id='word_1_162' title='bbox 875 3257 1057 3351; x_wconf 76' lang='grc' dir='ltr'><strong><em>ὁπλισμοὺς</em></strong></span> <span class='ocrx_word' id='word_1_163' title='bbox 1070 3264 1139 3330; x_wconf 74' lang='grc' dir='ltr'><strong><em>τῶν</em></strong></span> <span class='ocrx_word' id='word_1_164' title='bbox 1155 3260 1320 3331; x_wconf 77' lang='grc' dir='ltr'><strong><em>ἐναντίων</em></strong></span> 
     </span>
     <span class='ocr_line' id='line_1_26' title="bbox 358 3359 1318 3455; baseline 0.003 -28"><span class='ocrx_word' id='word_1_165' title='bbox 358 3360 415 3428; x_wconf 80' lang='grc' dir='ltr'><strong><em>καὶ</em></strong></span> <span class='ocrx_word' id='word_1_166' title='bbox 436 3360 519 3448; x_wconf 81' lang='grc' dir='ltr'><strong><em>πρὸς</em></strong></span> <span class='ocrx_word' id='word_1_167' title='bbox 539 3362 579 3432; x_wconf 83' lang='grc' dir='ltr'><strong><em>τά</em></strong></span> <span class='ocrx_word' id='word_1_168' title='bbox 600 3372 685 3452; x_wconf 80' lang='grc' dir='ltr'><strong><em>ἔθνη</em></strong></span> <span class='ocrx_word' id='word_1_169' title='bbox 706 3366 761 3434; x_wconf 80' lang='grc' dir='ltr'><strong><em>καλ</em></strong></span> <span class='ocrx_word' id='word_1_170' title='bbox 782 3360 866 3453; x_wconf 80' lang='grc' dir='ltr'><strong><em>πρὸς</em></strong></span> <span class='ocrx_word' id='word_1_171' title='bbox 885 3362 926 3433; x_wconf 81' lang='grc' dir='ltr'><strong><em>τά</em></strong></span> <span class='ocrx_word' id='word_1_172' title='bbox 938 3362 1008 3455; x_wconf 70' lang='grc' dir='ltr'><strong><em>ἤθη</em></strong></span> <span class='ocrx_word' id='word_1_173' title='bbox 1021 3362 1061 3434; x_wconf 80' lang='grc' dir='ltr'><strong><em>τά</em></strong></span> <span class='ocrx_word' id='word_1_174' title='bbox 1074 3368 1146 3434; x_wconf 75' lang='grc' dir='ltr'><strong><em>ἴδια</em></strong></span> <span class='ocrx_word' id='word_1_175' title='bbox 1159 3359 1318 3453; x_wconf 81' lang='grc' dir='ltr'><strong><em>στρατεύ-</em></strong></span> 
     </span>
     <span class='ocr_line' id='line_1_27' title="bbox 356 3465 912 3559; baseline 0.004 -26"><span class='ocrx_word' id='word_1_176' title='bbox 356 3489 444 3551; x_wconf 85' lang='grc' dir='ltr'><strong><em>ματα</em></strong></span> <span class='ocrx_word' id='word_1_177' title='bbox 457 3480 597 3551; x_wconf 80' lang='grc' dir='ltr'><strong><em>κοσμεῖν</em></strong></span> <span class='ocrx_word' id='word_1_178' title='bbox 610 3468 667 3537; x_wconf 84' lang='grc' dir='ltr'><strong><em>καλ</em></strong></span> <span class='ocrx_word' id='word_1_179' title='bbox 680 3465 912 3559; x_wconf 86' lang='grc' dir='ltr'><strong><em>παρατάττειν.</em></strong></span> 
     </span>
    </p>
   </div>
   <div class='ocr_carea' id='block_1_7' title="bbox 0 0 1572 4367">
    <p class='ocr_par' dir='ltr' id='par_1_8' title="bbox 0 0 1572 4367">
     <span class='ocr_line' id='line_1_28' title="bbox 0 0 1572 4367; baseline 0 2"><span class='ocrx_word' id='word_1_180' title='bbox 0 0 1572 4367; x_wconf 95' lang='lat' dir='ltr'><strong><em> </em></strong></span> 
     </span>
    </p>
   </div>
  </div>
 </body>
</html>
