3134 4367
324 469 361 518 VI
727 461 936 512 PRAEFATIO.

325 620 502 697 conjecturis
527 619 629 698 partim
658 618 789 678 codicum
818 627 864 679 aut
891 616 927 677 ab
949 617 1014 678 aliis
1029 627 1076 677 ant
1092 636 1107 677 a
1124 635 1157 676 se
1174 615 1339 678 collatorum

327 708 497 766 auctoritate
513 704 683 779 mutaverit,
700 704 736 762 de
752 721 808 780 qna
824 721 856 762 re
872 704 937 763 audi
953 705 1047 781 ipsius
1062 700 1155 761 verba
1170 698 1267 780 pe‘:
1283 691 1339 780 „cd

325 785 482 869 κείμενόν
502 808 568 868 μου
587 784 688 867 βάσιν
710 787 776 867 ἔχει
796 781 859 866 τήν
881 783 1044 865 δευτέραν
1065 783 1220 864 ἔκδοσιν,
1246 803 1338 865 μετα-

325 870 552 954 μορφωμένην
568 867 655 952 ὅμως
670 866 726 931 διὰ
741 865 801 942 τὰς
815 866 943 942 πολλάς
965 870 1011 942 εἰς
1027 865 1137 931 πολλὰ
1151 866 1237 951 μέρη
1252 867 1338 950 duop-

323 955 448 1029 θώσεις
468 958 570 1037 μου.“
599 956 706 1015 Habuit
729 957 804 1015 enim
824 958 889 1033 ipse
910 955 991 1015 duos
1011 954 1103 1015 libros
1120 955 1337 1033 manuscriptos,

326 1061 446 1121 qnorum
472 1061 544 1100 rrnus
564 1044 667 1118 -qui
694 1040 730 1100 ab
759 1058 795 1099 eo
821 1042 849 1097 in
877 1041 953 1098 notis
977 1058 1032 1118 per
1048 1039 1144 1100 ΔΓι
1159 1040 1247 1099 nohis
1263 1039 1338 1098 litera

324 1127 354 1188 D
370 1128 576 1203 insignitur-
597 1126 666 1183 olim
684 1123 791 1184 Crrcsii
808 1134 865 1185 tum
880 1122 1012 1184 Flamini
1023 1122 1135 1184 Didote'
1150 1123 1262 1183 sacculi
1277 1119 1337 1183 llll

326 1214 453 1289 scriptus
469 1211 545 1269 vitiis
562 1219 677 1268 scatere
697 1209 815 1268 dicitur:
847 1205 994 1286 ,,γε’μει.
1015 1253 1023 1268 .
1044 1201 1110 1268 ἀπὸ
1129 1204 1337 1288 σφάλματα,“

325 1295 400 1355 ιΙιιι
414 1330 456 1338 -
473 1313 557 1372 quem
577 1295 604 1351 in
627 1296 703 1352 notis
728 1288 767 1353 τὸ
790 1287 871 1372 ἐμὸν
893 1285 1105 1371 ἀντίγραφον
1125 1291 1281 1371 appellare
1298 1305 1337 1350 so·

325 1380 381 1454 let,
401 1396 459 1454 ego
477 1380 560 1437 litera
578 1376 609 1436 K
620 1380 742 1437 instruxi
755 1377 902 1455 -qualis
918 1377 964 1452 sit,
980 1394 1038 1435 non
1053 1377 1206 1453 indicatur,
1223 1375 1275 1436 sed
1289 1375 1339 1435 cri·
1361 1397 1364 1404 ·

325 1465 423 1540 ginem
441 1463 626 1539 indolemque
644 1464 752 1521 ceteris
767 1461 842 1520 haud
864 1463 1046 1538 superiorem
1067 1460 1245 1521 lectionibus
1257 1477 1274 1521 ι
1288 1457 1338 1518 lle·

326 1549 369 1606 rai
386 1548 433 1606 lric
448 1547 508 1605 illic
523 1546 617 1606 allatis
633 1548 703 1605 satis
718 1545 825 1625 prodit.

391 1631 450 1690 Sed
469 1649 524 1690 nec
540 1630 656 1690 lloraim
674 1648 731 1690 nec
749 1628 964 1689 Schwebelium
980 1646 1035 1688 nec
1052 1627 1213 1706 Rigaltinm
1230 1625 1338 1689 codices

327 1734 396 1775 euos
413 1724 550 1775 accurate
570 1724 598 1774 et
620 1718 675 1791 ita,
702 1724 732 1774 ut
746 1725 847 1774 nostra
862 1714 950 1773 hodie
966 1713 1119 1792 disciplina
1135 1713 1280 1792 postulat,
1294 1729 1337 1772 ex·

327 1802 457 1860 cussisse
474 1819 539 1859 cum
554 1818 607 1877 per
625 1818 658 1858 se
675 1808 756 1877 patet
771 1807 828 1857 tum
845 1798 954 1872 multis,
980 1815 1054 1875 opus
1068 1798 1092 1857 si
1112 1809 1212 1874 esset,
1229 1796 1337 1856 demon·

326 1885 411 1943 strari
427 1894 530 1961 posset
544 1883 657 1942 indiciis
676 1892 704 1941 et
722 1883 913 1941 documentis.
950 1881 1090 1940 Feliciter
1110 1882 1202 1958 igitur
1217 1881 1284 1942 milri
1298 1897 1338 1940 ae·

327 1967 410 2042 cidit,
436 1967 512 2045 quod
528 1964 671 2026 Jacobos
685 1964 910 2041 Hrrntailscrus,
934 1968 1018 2041 cujus
1033 1965 1214 2042 diligentiam
1230 1975 1261 2026 et
1275 1964 1337 2024 lilre·

324 2050 467 2109 ruditatem
485 2052 545 2125 jam
561 2050 629 2108 olim
645 2068 671 2109 a.
690 2049 771 2109 1852
790 2051 818 2108 in
838 2050 1051 2109 dissertationis
1068 2050 1105 2110 de
1123 2049 1207 2110 libris
1223 2049 1337 2124 lacticis,

325 2135 373 2212 qui
385 2133 501 2193 Arriani
514 2142 542 2192 et
552 2134 666 2193 Aeliani
679 2134 825 2210 feruntur,
838 2133 1049 2211 supplemento
1064 2153 1093 2213 p.
1107 2136 1127 2193 4
1143 2153 1208 2213 sqq.
1224 2132 1337 2204 laudari

326 2236 389 2277 cnm
404 2218 522 2277 Parisiis
544 2227 722 2294 versaretur,
747 2218 879 2278 codicum
895 2218 1059 2278 militarium
1074 2219 1114 2278 ilri
1131 2228 1337 2279 asservatorun

325 2303 552 2380 antiquissimum
575 2312 603 2361 et
618 2304 756 2381 optimum
772 2319 892 2361 numero
911 2302 993 2362 2442
1010 2311 1153 2378 notatum,
1182 2304 1219 2364 de
1240 2320 1296 2382 quo
1313 2301 1337 2360 ie

325 2386 440 2447 Aeliani
457 2388 566 2447 Tactici
586 2388 768 2466 praefatione
789 2405 818 2465 p.
834 2387 895 2447 212
915 2404 959 2464 sq.
978 2388 1089 2463 monui,
1115 2388 1194 2448 ultro
1209 2385 1338 2447 meumiu

323 2490 406 2531 nsum
432 2491 496 2531 cnm
524 2481 605 2533 textu
638 2471 863 2531 Schwebeliano
894 2472 1014 2531 contulit
1048 2472 1255 2550 lectionesque
1283 2470 1338 2546 eju

324 2555 526 2634 discrepantes
552 2556 769 2616 accuratissime
795 2564 927 2615 enotatas
953 2565 1037 2632 grato
1066 2555 1213 2616 benelicio
1235 2569 1337 2616 mecum

327 2642 558 2701 communicavit.
587 2641 715 2700 Pertinet
730 2641 778 2699 lric
796 2639 890 2700 codex
908 2657 923 2699 a
942 2640 1026 2699 nobis
1044 2639 1127 2700 litera
1143 2639 1336 2718 Pinsignitus,

327 2743 498 2802 quamquam
515 2726 576 2799 jam
592 2725 712 2783 saeculo
728 2725 764 2784 X.
783 2725 926 2802 scriptus,
940 2733 969 2782 ut
984 2723 1099 2784 Aeliani
1118 2742 1178 2785 non
1194 2725 1338 2802 genuimn

325 2806 538 2881 Florentinum,
562 2808 614 2867 sed
637 2808 841 2886 interpolatam
857 2808 1014 2868 Parisinam
1031 2817 1111 2868 tenet
1130 2810 1336 2880 recensionem,

326 2892 364 2950 ita
383 2892 467 2949 etiam
484 2891 519 2950 ad
534 2891 695 2951 0nosandri
709 2890 842 2951 codicum
855 2890 1030 2952 deteriorem
1042 2892 1191 2969 lamiliam,
1208 2902 1240 2953 ut
1253 2902 1337 2954 tamen

324 2974 420 3034 multis
436 2984 534 3034 careat
548 2974 745 3051 negligentiae
761 2976 991 3054 oscitantiaeque
1006 2977 1134 3056 mendis,
1152 2978 1260 3057 quihus
1274 2972 1337 3038 etti

324 3067 355 3118 et
367 3058 531 3136 Rigaltiana
548 3058 635 3118 editio
652 3067 775 3117 scatent.

386 3143 505 3216 Restat,
527 3151 576 3218 ut,
608 3160 682 3220 quae
704 3143 741 3201 sit
764 3141 849 3217 hujus
870 3144 1063 3206 recensionis
1086 3155 1116 3205 et
1136 3139 1338 3214 commentarii

325 3225 428 3286 critici
447 3228 536 3303 ratio,
568 3228 668 3304 paucis
689 3227 832 3302 adjiciam.
861 3228 985 3289 Secutus
1006 3248 1067 3289 sum
1086 3231 1281 3310 inomnibus,
1303 3225 1336 3288 ut
1373 3289 1375 3298 ,

326 3320 472 3389 parerat,
492 3311 623 3371 codicum
638 3311 713 3371 ABG
733 3314 952 3392 auctoritatem,
969 3315 1007 3375 ita
1026 3324 1132 3390 tamen,
1149 3325 1182 3375 nt
1199 3316 1236 3377 ad
1248 3328 1335 3376 eorum
1372 3327 1375 3398 t

326 3396 510 3475 corruptelas
532 3414 613 3456 raras
629 3415 699 3456 sane
715 3406 744 3456 et
764 3405 882 3476 apertas
897 3416 955 3458 non
973 3400 1150 3459 caecutirem
1165 3401 1219 3461 sed
1235 3418 1284 3461 eas
1297 3401 1336 3458 ιιι
1373 3407 1375 3442 2

326 3480 502 3540 deteriorum
529 3481 660 3540 codicum
686 3490 733 3541 ant
761 3482 846 3541 etiam
869 3484 1056 3557 conjecturae
1079 3502 1138 3564 ope
1154 3485 1334 3547 emendarem.

323 3563 475 3625 Pertinent
497 3565 553 3625 lruc
575 3566 705 3646 inprimis
727 3566 850 3625 lacunae
872 3567 1027 3644 quaedam,
1054 3569 1083 3627 in
1106 3569 1212 3646 quilius
1228 3569 1269 3640 illi
1283 3564 1333 3646 qul·

312 3648 380 3711 dem
407 3651 530 3716 codices
555 3656 669 3738 qnippe
692 3671 733 3714 ex
751 3669 812 3712 uno
835 3650 1000 3728 eodemque
1015 3640 1109 3708 ionte'
1121 3654 1237 3711 oriundi
1251 3661 1332 3727 prmo

293 3739 418 3811 pariter
434 3740 589 3807 interdum
607 3760 720 3806 errore
736 3738 821 3822 lapsi
837 3745 925 3815 sunt„
944 3733 1117 3795 deteriores
1129 3729 1356 3799 resonarunt*
