3134 4367
646 370 652 383 ἡ
670 422 887 482 ΤΕΤΑΡΓΟΝ
1193 421 1248 484 121

298 594 351 661 καί
367 587 531 680 πράτοςὸ
550 600 725 681 Μακρῖνος
744 589 879 672 ἐπιστάς
901 598 947 685 τῷ
962 592 1110 683 πτω’ματι
1123 591 1253 686 όλοφά-

297 702 423 782 ρεσθαί
443 695 555 764 τεκαὶ
576 704 719 784 θρηνεῖν
739 710 979 782 προσεποιεῖτο.
1019 692 1039 766 ό
1057 725 1093 767 τε
1113 699 1252 789 στρατός

297 806 360 880 πάς
372 805 523 886 χαλεπῶς
537 799 593 867 καὶ
611 798 791 888 δυσφόρως
808 794 930 887 ήνεχκε
943 796 980 867 τὸ
994 803 1160 887 πραχθέν·
1188 825 1251 873 συ-

296 900 500 991 στρατιιότην
513 898 577 989 γάρ
591 903 647 971 καὶ
660 898 827 971 κοινωνὸν
839 908 899 971 τοῦ
914 908 1006 991 βίου,
1022 898 1095 972 ἀλλ’
1112 901 1174 974 οὐκ
1190 903 1251 996 άρ-

269 1032 395 1093 τχοντα
415 1002 521 1097 ᾤοντο
538 1001 813 1094 ἀποβεβληκέναι.
850 1006 907 1074 καὶ
926 1001 1088 1094 οὐδεμίαν
1106 1033 1158 1075 πω
1178 1011 1251 1077 ἐπι-

294 1106 423 1197 βουλήν
436 1103 638 1178 ὑπώπτευον
651 1112 688 1177 ἐκ
708 1114 770 1178 τοῦ
791 1115 988 1197 Μακρίνου,
1009 1105 1113 1201 ᾤοντο
1133 1110 1171 1179 δὲ
1192 1109 1252 1181 τὸν

292 1211 506 1300 Μαρτιάλιον
524 1216 652 1281 οἰκείαν
671 1218 798 1300 ἔχθραν
817 1207 1022 1300 ἀμύνασθαι.
1065 1214 1121 1281 καί
1138 1221 1174 1283 οἳ
1190 1213 1251 1302 μὲν
1268 1231 1286 1283 8

293 1316 432 1395 ἕκαστος
445 1318 478 1396 ές
491 1310 547 1394 τάς
560 1310 684 1403 σκηνάς
697 1318 880 1404 ἐπανήσαν·
896 1310 914 1382 ὁ
931 1314 968 1383 δὲ
981 1323 1156 1405 Μακρῖνος
1169 1320 1253 1407 πυρί

293 1414 468 1508 παραδοὺς
482 1416 519 1486 τὸ
534 1416 717 1505 σωμάτιον,
733 1416 794 1506 τήν
807 1444 843 1487 τε
863 1416 959 1486 κόνιν
978 1418 1088 1510 κάλπη
1107 1421 1173 1489 τινὶ
1194 1424 1253 1508 έμ-

257 1547 277 1588 lo
293 1520 425 1610 βαλάν,
448 1527 573 1609 έπεμψε
592 1526 632 1610 τῇ
651 1522 750 1610 μητρί
770 1517 877 1590 αὐτοῦ
896 1519 1106 1609 καταθάψαι,
1123 1527 1160 1593 έν
1176 1520 1253 1593 Ἀν-

291 1631 419 1717 τιοχείρι
438 1623 668 1714 διατριβούση.
697 1626 808 1710 ἐκείνη
825 1623 862 1691 δὲ
882 1625 935 1692 ἐπὶ
956 1640 1026 1705 ταῖς
1039 1632 1107 1695 τῶν
1121 1632 1253 1697 παίδων

291 1724 423 1817 ὁμοίαις
436 1742 626 1815 συμφοραῖς
637 1735 702 1796 είτε
716 1727 840 1796 ἑκοῦσα
854 1734 919 1795 είτε
934 1736 1154 1798 κελευσθεῖσα
1169 1726 1252 1800 άπε-

290 1833 485 1920 καρτέρησε.
516 1829 658 1921 τοιούτω
671 1825 733 1918 μὲν
746 1826 788 1917 δή
809 1831 896 1899 τέλει
917 1830 1075 1918 ἐχρήσατο
1094 1829 1111 1902 ὁ
1129 1828 1251 1903 Ἀντω-

291 1950 384 2015 νῖνος
398 1928 490 2021 καίή
509 1932 615 2022 μήτηρ
634 1930 771 2021 Ἰουλία,
787 1932 968 2021 βιώσαντες
989 1930 1033 2014 ὡς
1046 1943 1249 2026 προείρηται.

254 2058 275 2099 ¹5
291 2044 353 2118 πᾶς
367 2036 406 2107 δὲ
420 2032 439 2106 ὁ
453 2036 571 2124 χρόνος
584 2040 622 2105 ἐν
636 2027 663 2128 ᾧ
676 2034 777 2125 μόνος
791 2039 1006 2124 ἐβασίλευσεν
1015 2032 1097 2109 άνεν
1112 2046 1172 2109 τοῦ
1185 2067 1251 2109 πα-

289 2138 365 2231 τρὸς
378 2140 435 2210 καὶ
455 2146 517 2209 τοῦ
531 2135 699 2227 ἀδελφοῦ,
715 2143 751 2208 έν
766 2142 800 2221 ἓξ
814 2145 900 2209 έτεσι
914 2142 1147 2231 συνετελέσθη.

390 2241 649 2330 τελευτήσαντος
665 2243 701 2312 δὲ
716 2248 776 2311 τοῦ
792 2238 994 2313 ’Λντωνίνον
1008 2248 1045 2314 ἐν
1065 2243 1192 2337 άφασίηι
1213 2274 1247 2315 τε
1262 2256 1300 2315 14

289 2336 529 2435 ήνόστρατὸς
543 2347 601 2414 καὶ
625 2342 749 2437 άπορίηι
767 2352 829 2414 τοῦ
849 2350 1033 2436 πρακτέου·
1058 2348 1195 2436 ἔμεινάν
1215 2376 1251 2420 τε

289 2446 425 2539 ἡμερῶν
441 2448 505 2518 δύο
524 2445 758 2537 άβασίλευτοι,
779 2447 915 2536 ἐζήτουν
933 2477 968 2518 τε
987 2446 1027 2519 ὃν
1048 2453 1251 2532 έπιλέξονται

251 2577 275 2617 ω
291 2549 446 2642 άρχοντα.
486 2550 625 2642 καὶγὰρ
646 2548 826 2640 ἠγγέλλετο
846 2549 928 2637 μετά
952 2558 1079 2620 πολλοῦ
1099 2554 1251 2639 πλήθους

289 2654 537 2743 καὶδυνάμεως
557 2649 692 2724 ἐπιώνὸ
711 2649 928 2741 Ἀρτάβανος,
944 2658 1039 2734 δίκας
1059 2650 1251 2743 άπαιτήσων

289 2758 489 2849 τιμωρήσων
503 2785 538 2827 τε
553 2773 621 2839 τοῖς
637 2759 674 2825 ἐν
687 2760 847 2836 σπονδαῖς
866 2757 922 2825 καί
943 2756 1059 2846 εἰρήνη
1080 2754 1249 2847 άνηρημέ-

289 2889 370 2943 νοις.
405 2866 582 2950 αἱροῦνται
599 2858 642 2948 δή
667 2859 805 2948 βασιλέα
826 2865 960 2946 πρῶτον
987 2859 1048 2948 μὲν
1072 2856 1280 2939 Ἀδεέντονν

290 2961 334 3046 ὥς
350 2964 589 3050 στρατιωτικόν
607 2991 643 3032 τε
662 2964 719 3032 καὶ
740 2968 885 3049 ἔπαρχον
900 2959 941 3031 οὐ
963 2970 1096 3050 φαῦλον
1110 2964 1251 3054 γενόμε-

249 3100 274 3141 ιι
291 3091 370 3138 νον·
387 3062 407 3136 ό
422 3067 460 3136 δὲ
470 3073 574 3155 χήρας
587 3066 825 3156 προϊσχόμενος
834 3066 1045 3156 παρῃτήσατο
1056 3090 1063 3104 ·
1074 3065 1145 3156 μετ’
1163 3072 1250 3139 ἐκεῖ·

286 3199 350 3241 νον
365 3171 404 3240 δὲ
416 3168 477 3239 τόν
489 3178 684 3260 Μακρῖνον,
706 3167 899 3240 πειθόντων
919 3166 1042 3251 αὐτοὺς
1056 3170 1248 3260 χιλιάρχων,

287 3276 391 3344 οἳκαὶ
404 3280 462 3361 τής
483 3276 662 3362 ἐπιβουλῆς
681 3280 741 3342 τοῦ
760 3268 966 3342 Ἀντωνίνου
981 3273 1172 3361 συνωμόται
1191 3279 1251 3345 καλ

286 3377 448 3447 κοινωνοί
461 3382 522 3446 τοῦ
538 3382 721 3462 Μακρίνου
742 3382 946 3463 γενενῆσθαι
961 3370 1243 3466 ότωπτεόθησαν.

286 3476 433 3572 ὕστερον
446 3485 530 3568 χοῦν
543 3478 775 3565 ἐκολάσθησαν
794 3476 876 3564 μετά
896 3475 957 3565 τήν
977 3481 1108 3548 ἐκείνου
1131 3490 1247 3549 τελευ-

245 3611 272 3651 το
289 3582 367 3671 τήν,
383 3578 429 3663 ὡς
442 3586 479 3652 έν
492 3597 561 3662 τοῖς
576 3584 648 3668 έξής
661 3582 814 3670 ἐροῦμεν.
842 3582 1008 3670 παρέλαβε
1021 3582 1058 3651 δὲ
1072 3581 1133 3670 τήν
1148 3590 1246 3670 βασι·
1258 3606 1276 3659 3

288 3695 384 3757 λείαν
404 3681 423 3756 ὁ
443 3694 619 3773 Μακρῖνος
636 3679 698 3770 οὐχ
713 3678 819 3763 οὕτως
839 3679 956 3775 εὐνοίᾳ
975 3686 1031 3753 καί
1052 3692 1160 3753 πίστει
1180 3689 1248 3751 τῶν

287 3795 501 3881 στρατιωτῶν
510 3784 555 3871 ὡς
564 3783 693 3879 ἀνάγκη
702 3786 760 3858 καὶ
769 3792 937 3885 χρείηιτοῦ
947 3786 1122 3880 παρόντος
1134 3788 1279 3867 mum&-
