3134 4367
708 401 862 461 TPITON
1220 401 1255 460 71

296 567 402 660 Ρώμη
423 565 536 661 εὑρών
555 565 737 660 δΣεεῆρος
758 568 988 661 συλλαβώνλ
958 599 1043 660 εχεν
1063 574 1100 643 ἐν
1113 579 1257 665 φρουρᾷ.

302 674 463 765 ἐχρήσατο
488 672 550 762 γάρ
571 674 629 744 καλ
654 673 761 766 τούτῳ
783 680 963 763 σοφίσματι
982 676 1255 772 προμηθεστάτφ.

303 786 384 858 ἔθος
407 804 452 864 ην
472 784 518 870 τώ
541 760 708 870 Κομμόδηι
720 779 883 902 κατέχειν
902 775 980 857 τούς
999 783 1119 859 παῖδας
1138 785 1207 848 τών
1221 781 1286 859 ές4

302 880 344 951 τά
365 887 452 967 ἔθνη
471 876 729 968 πεμπομένων“
711 880 904 968 ηγεμόνων,
929 876 974 961 ώς
996 876 1098 968 έχοι”
1079 909 1186 970 ομηρα
1201 889 1258 970 τῆς

271 1006 340 1054 ὅτε
353 978 502 1078 -ιεάνοίας
533 979 646 1052 αὐτῶν
672 985 728 1051 καὶ
754 990 813 1071 τῆς
840 990 990 1065 πίστεως.
1022 980 1119 1063 εἰδώς
1142 990 1259 1053 τοίνυν

303 1092 404 1157 τοῦτο
430 1080 634 1174 ὁΣεεηρος,
659 1081 726 1173 ἅμα
753 1093 800 1179 τῷ
823 1084 981 1174 βασιλεὺς
1006 1082 1259 1174 ἀναδειχθῆναι,

303 1191 361 1260 καλ
376 1193 438 1257 τοῦ
448 1182 632 1257 Ἰουλιανοῦ
648 1194 696 1257 έτι
710 1186 902 1277 περιόντος,
925 1192 1056 1279 πέμψας
1074 1188 1186 1279 λάθρᾳ
1204 1186 1260 1256 διά

305 1295 486 1420 φροντίδος
500 1297 574 1379 ἔσχε
591 1288 669 1371 τοὺς
683 1296 805 1372 παῖδας
825 1288 916 1384 αὑτῶ
929 1299 987 1381 τῆς
996 1288 1120 1380 Ῥώμης
1139 1294 1260 1360 έκκλα-

305 1397 428 1473 πέντας
442 1422 487 1482 μη
473 1392 588 1463 εἶναι
601 1397 638 1463 ἐν
656 1395 772 1483 ἑτέρου
786 1361 929 1486 ἐξουσία.
965 1421 1066 1475 αυτος
1080 1390 1150 1464 δ
1127 1423 1245 1486 αμα
1213 1399 1259 1462 τώ
1275 1415 1291 1467 5

264 1526 288 1566 ιι
306 1503 365 1623 της
373 1493 496 1585 Ῥώμης
509 1500 664 1585 ἐπιβῆναι
677 1495 855 1585 συλλαβών
869 1495 996 1577 πάντας
1008 1495 1087 1578 τούς
1100 1503 1168 1567 τῶν
1182 1492 1262 1586 ἦγε·

305 1599 422 1690 μόνων
445 1595 468 1688 η’
488 1606 557 1668 τών
577 1595 670 1687 ὁτιδὴ
687 1600 901 1690 πραττόντων
920 1597 1003 1669 κατά
1018 1598 1080 1688 τὴν
1096 1597 1263 1687 άνατολην

305 1706 364 1775 καὶ
387 1709 498 1772 πᾶσαν
518 1700 580 1789 τὴν
596 1698 725 1790 Ἀσίαν,
748 1710 883 1794 φρουρᾷ
901 1701 983 1783 δοὺς
1000 1702 1065 1790 εἶχε
1082 1700 1146 1771 σὺν
1161 1698 1263 1794 αὐτῷ,

307 1833 399 1886 οπως
418 1800 440 1893 ἦ
459 1804 556 1898 πόθφ
570 1811 627 1893 τῆς
640 1811 709 1874 τών
723 1814 783 1875 παί
770 1810 854 1874 ίδων
875 1812 1038 1894 σωτηρίας
1053 1801 1121 1874 oC‘
1103 1804 1263 1894 ηγεμόνες

308 1908 349 1979 τά
362 1914 497 1996 Νίγρον
514 1912 723 1997 προδιδοῖεν,
737 1903 764 1997 ἢ
771 1911 926 1997 μένοντες
940 1910 995 1978 έπλ
1008 1914 1065 1995 τῆς
1079 1906 1162 1999 πρὸς
1176 1911 1264 1977 έκεί-

266 2040 291 2081 ιε
309 2041 371 2083 νον
392 2008 527 2090 εὐνοίας
547 2010 709 2099 φθάσωσί
725 2039 756 2080 τι
776 2007 882 2081 κακὸν
902 2022 1027 2082 παθεῖν
1045 2008 1101 2081 διὰ
1120 2018 1178 2100 τῆς
1194 2016 1264 2081 τῶν

309 2120 442 2186 παίδων
452 2109 657 2203 ἀναιρέσεως
670 2108 692 2203 ἦ
706 2114 875 2202 δράσωσιν
888 2110 996 2184 αὐτοί.

412 2218 593 2305 γενομένης
606 2218 645 2287 δέ
657 2222 714 2305 τῆς
723 2213 821 2308 ἥττης
832 2215 918 2286 κατὰ
930 2214 1142 2306 τὴνΚάζικον
1157 2222 1261 2304 ἔφεν-
1279 2231 1295 2284 6

310 2349 372 2412 γον
394 2326 429 2389 οί
443 2326 503 2389 τοῦ
516 2326 667 2408 Νίγρου,
682 2315 727 2401 ώς
741 2323 877 2401 ἕκαστος
890 2320 1032 2390 έδάνατο
1051 2319 1264 2406 σπεύδοντες,

299 2431 347 2495 ὀἳ
364 2423 428 2512 μὲν
446 2424 524 2512 περὶ
545 2420 603 2503 τάς
628 2418 796 2513 ὑπωρείας
815 2431 873 2512 της
885 2418 1072 2513 Ἀρμενίας,
1096 2430 1131 2491 οἳ
1150 2421 1187 2490 δὲ
1205 2419 1267 2509 τὴν

269 2560 297 2598 νο
313 2530 368 2597 ἐπὶ
389 2532 554 2607 Γαλατίας
575 2553 610 2594 τε
633 2528 690 2595 καὶ
712 2522 837 2612 Ἄσίας,
866 2526 997 2613 φθάσαι
1023 2525 1179 2602 θέλοντες
1208 2519 1267 2590 τὸν

318 2636 452 2717 Ταῦρον
465 2624 670 2718 ὑπερβηναι,
686 2624 731 2709 ώς
746 2626 840 2708 ἐντὸς
853 2654 914 2696 του
899 2626 1092 2716 ’ἐρύματος
1106 2626 1267 2713 γένοιντο.

313 2764 331 2804 ο
319 2729 387 2802 δε
404 2759 465 2801 του
450 2730 634 2820 Σεεήρου
647 2727 786 2819 στρατὸς
803 2729 1005 2818 περαιωθεὶς
1025 2724 1134 2797 διά
1096 2754 1153 2815 της
1166 2734 1268 2809 Κυζι-

313 2842 418 2925 κηνῆς
431 2833 540 2923 χώρας
554 2832 675 2923 διαβάς
694 2860 729 2903 τε
742 2830 844 2903 ίπλ
810 2860 872 2921 την
884 2826 1088 2902 Βιθυνίαν“
1068 2858 1193 2920 ομορον
1207 2857 1269 2899 ου-

314 2961 379 3010 σαν
392 2935 557 3028 ἠπείγετο.

274 3072 301 3114 κε
419 3036 464 3121 ώς
484 3039 522 3108 δὲ
540 3042 697 3130 διέδραμε
717 3038 812 3129 φήμη
834 3066 891 3126 της
902 3035 1058 3127 Σεκηρου
1080 3040 1192 3124 νίκης,
1213 3030 1302 3104 ενδ-7

315 3140 384 3225 θδς
406 3146 443 3213 έν
457 3149 538 3211 πάσι
551 3158 620 3223 τοῖς
637 3149 775 3212 ἔθνεσιν
789 3144 929 3221 ἐκείνοις
946 3135 1059 3220 στάσις
1078 3140 1135 3208 καὶ
1151 3137 1274 3226 διάφο-

317 3274 374 3337 ρος
392 3244 509 3334 γνώμη
524 3248 659 3315 ἐνέπεσε
680 3260 751 3325 ταῖς
771 3243 925 3330 πόλεσιν,
947 3239 1009 3330 οὐχ
1023 3237 1111 3311 οὕτω
1132 3246 1173 3331 τῇ
1190 3237 1274 3331 πρὸς
1356 3278 1359 3283 ·

318 3346 399 3430 τοὺς
418 3355 645 3482 πολεμρῦντας
667 3349 823 3436 βασιλέας
847 3342 1001 3437 άπεχθεί
989 3374 1010 3413 α
975 3339 1136 3415 ίτινλ“
1114 3372 1135 3431 η
1158 3341 1274 3435 εὐνοία

321 3448 366 3533 ώς
379 3452 466 3544 ζήλῳ
479 3479 535 3520 και
524 3453 691 3540 ἔριδι
653 3478 692 3541 τη
709 3446 792 3541 πρὸς
802 3445 945 3537 άλλήλας
959 3446 1080 3541 φθόνῳ
1094 3474 1129 3517 τε
1143 3449 1199 3516 καὶ
1212 3473 1274 3515 κα·

281 3578 307 3619 ιο
323 3557 475 3644 θαιρέσει
495 3560 563 3623 τών
583 3549 776 3641 ὁμοφύλων.
808 3548 945 3641 άρχαιον
958 3556 1057 3619 τοῦτο
1077 3548 1187 3628 πάθος
1200 3543 1273 3615 Ἑλ·
1291 3570 1309 3623 8

323 3656 454 3745 ληνων,
475 3653 604 3747 οἳπρός
624 3651 788 3743 ἀλλήλους
808 3652 1033 3737 στασιάζοντες
1056 3651 1109 3721 ἀεὶ
1123 3650 1179 3719 καλ
1198 3646 1277 3729 τούς

325 3756 500 3851 ὑπερέχειν
520 3765 702 3839 δοκοῦντας
721 3767 900 3849 καθαιρεῖν
913 3757 1069 3835 θέλοντες
1088 3749 1281 3842 ἐτράχωσαν
