3134 4367
671 437 895 496 AEYTEPON
1219 437 1261 498 57

304 609 364 696 μὲν
391 603 469 676 οὐδ’
498 602 615 676 ἀλλοτε
643 602 929 699 ἀντιποιησαμένηι
954 608 1105 698 τοιαύτης
1127 613 1260 695 ἐλπίδος

304 718 387 797 (ίστε
400 709 465 798 γάρ
479 738 545 798 μου
553 707 591 779 τό
606 708 689 799 πρὸς
697 708 776 790 τούς
783 710 1045 798 βασιλεύσαντας
1055 710 1259 802 πειθήνιον),

302 821 368 883 νῦν
381 813 420 882 δέ
434 816 489 883 ἐπὶ
502 814 595 893 τέλος
615 839 651 882 τε
672 809 811 901 ἀγαγεῖν
830 816 887 883 καὶ
906 810 1029 883 ἀνύσαι
1051 824 1152 885 ταῦτα
1173 814 1258 906 ἅπερ

301 914 384 1007 ὑμῖν
406 918 477 986 ἐστὶ
498 919 734 1005 κεχαρισμένα,
762 917 824 1006 τήν
850 945 886 986 τε
901 915 1069 1006 Ῥωμαίων
1089 915 1193 1007 ἀρχὴν
1213 919 1258 1009 μὴ

273 1054 285 1094 5
301 1025 468 1110 περιιδεῖν
483 1021 699 1108 ἐρριμμένην,
715 1017 738 1109 η’
751 1019 914 1110 πρότερον
928 1022 990 1109 μὲν
1002 1024 1097 1112 μέχρι
1112 1023 1257 1112 Μάρκου
1272 1046 1290 1099 3

299 1128 540 1213 σεμνοπρεπῶς
568 1126 783 1212 διοικουμένη
819 1124 996 1212 σεβάσμιος
1025 1128 1199 1213 ἐφαίνετο,
1227 1128 1260 1207 ἐς

297 1227 483 1315 Κόμμοδον
498 1226 536 1295 δὲ
554 1234 801 1315 μεταπεσούσα,
823 1233 855 1295 εί
875 1235 935 1296 καί
950 1256 1025 1297 τινα
1044 1223 1103 1297 ὑπ’
1127 1232 1260 1297 ἐκείνου

299 1329 356 1400 διὰ
369 1329 510 1417 νεότητα
528 1333 780 1418 έπλημμελεῑτο,
796 1326 869 1399 ἀλλ’
888 1321 951 1400 ούν
971 1338 1011 1421 τῇ
1032 1327 1187 1422 εύγενείηι
1203 1332 1261 1401 καὶ

297 1440 338 1525 τῇ
352 1440 414 1504 τού
436 1431 560 1520 πατρός
581 1432 694 1523 μνήμη
715 1433 938 1516 έπεσκιύζετο’
958 1436 1015 1503 καὶ
1035 1437 1137 1504 πλέον
1156 1426 1199 1523 ἦν
1221 1437 1259 1503 έν

258 1567 283 1606 ιο
300 1534 392 1630 αύτῷ
406 1534 444 1606 τὸ
459 1536 660 1625 ἐλεούμενον
673 1533 728 1624 ἐφ’
745 1531 795 1615 οἷς
810 1537 991 1623 ἐσφάλλετο
1005 1534 1027 1626 ἢ
1039 1535 1076 1607 τὸ
1098 1538 1260 1627 μισούμε-

297 1668 377 1728 νον,
393 1642 466 1709 ἐπελ
482 1637 522 1708 τά
536 1648 673 1709 πλεῖστα
695 1645 762 1708 τῶν
782 1642 971 1727 γινομένων
994 1636 1057 1710 ούκ
1078 1643 1110 1719 ἐς
1129 1645 1261 1711 ἐκεῖνον

297 1741 526 1832 ἀνεφέρομεν,
542 1740 616 1811 ἀλλ’
632 1747 665 1823 ές
681 1741 759 1823 τοὺς
772 1744 850 1831 περὶ
864 1740 969 1812 αύτόυ
987 1742 1128 1823 κόλακάς
1149 1772 1183 1814 τε
1204 1744 1261 1813 καὶ

298 1844 340 1916 ού
353 1844 553 1937 πρεπόντων
567 1852 676 1936 ἔργων
690 1842 775 1934 όμού
788 1846 1001 1935 συμβούλους
1018 1874 1053 1916 τε
1067 1847 1122 1915 καλ
1133 1844 1260 1937 ύπηρέ-

297 1979 365 2031 τας.
418 1952 490 2020 ἐπεὶ
504 1950 542 2019 δὲ
556 1953 589 2029 ἐς
602 1947 727 2038 σεμνόν
743 1950 953 2039 πρεσβύτην,
970 1940 1013 2019 ού
1032 1957 1088 2038 τῆς
1103 1946 1259 2038 ἀνδρείας
1272 1972 1290 2026 4

257 2087 281 2127 15
297 2082 332 2125 τε
354 2056 409 2124 καὶ
433 2053 651 2143 χρηστότητος
671 2059 719 2122 ἔτι
740 2069 811 2134 ταῖς
839 2069 960 2140 ψυχαῖς
981 2050 1075 2142 ἡμῶν
1098 2048 1119 2145 ἡ
1141 2056 1252 2145 μνήμη

297 2160 504 2243 ἐνέστακται,
519 2164 704 2246 περιῆλθεν
716 2152 737 2245 ἡ
751 2153 852 2244 ἀρχή,
868 2164 903 2226 οἳ
923 2157 960 2226 δὲ
980 2154 1042 2226 ούκ
1063 2154 1252 2247 ἠνέσχοντο,

297 2258 382 2330 ἀλλὰ
403 2267 559 2329 τοιοῦτον
582 2256 689 2348 ἀνδρα
707 2259 802 2352 φόνῳ
824 2258 1105 2331 ἀπεσκευάσαντο.
1134 2260 1196 2350 την
1216 2263 1254 2331 δέ

297 2372 356 2454 γῆς
378 2365 437 2433 καὶ
461 2363 627 2452 θαλάττης
648 2362 814 2452 τοσαύτην
841 2361 946 2451 ἀρχὴν
971 2361 1183 2453 ῶνησάμενός
1205 2393 1254 2446 τις

297 2474 441 2558 αἰσχρῶς
454 2466 537 2556 πρός
557 2494 593 2536 τε
611 2474 672 2535 τού
688 2466 814 2555 δήμου,
834 2463 878 2548 ῶς
897 2464 1053 2554 ἀκούετε,
1072 2473 1258 2555 μεμίσηται,

256 2605 281 2645 ιο
297 2572 379 2661 πρός
393 2597 430 2640 τε
443 2577 511 2639 τῶν
531 2573 601 2640 ἐκεῖ
616 2576 844 2659 στρατιωτῶν,
866 2566 926 2649 ούς
946 2570 1124 2654 ἐψεύσατο,
1147 2566 1259 2637 ούκέτι

295 2674 498 2743 πιστεύεται.
552 2662 617 2759 ῶν,
640 2679 671 2740 εί
690 2673 746 2740 καὶ
766 2678 905 2759 ἔμελλον
926 2667 1012 2759 ὑπὲρ
1027 2668 1133 2739 αὐτοῦ
1149 2679 1289 2759 παρα·5

295 2777 458 2861 τάξασθαι
486 2772 557 2864 μετ’
582 2772 731 2860 εύνοίας,
755 2777 812 2844 καὶ
837 2773 961 2861 πλήθει
988 2775 1177 2862 σύμπαντες
1203 2777 1259 2844 καί

296 2878 376 2950 καθ’
394 2883 455 2949 ἕνα
469 2882 608 2948 ἕκαστον
624 2876 788 2969 εὐανδρίᾳ
802 2876 978 2965 προύχετε,
996 2874 1133 2966 ἀσκήσει
1148 2904 1183 2947 τε
1197 2905 1260 2948 πο-

296 2990 444 3072 λεμικῶν
458 2981 712 3071 ἐγγεγύμνασθε
725 2977 821 3069 ὑμεῖς
831 2981 892 3070 μὲν
907 2979 959 3050 ἀεὶ
972 2981 1152 3071 βαρβάροις
1166 2977 1260 3051 ἀντι-

256 3118 281 3157 ω
297 3086 510 3175 ταττόμενοι,
525 3088 581 3154 καί
596 3088 714 3175 φέρειν
728 3084 853 3165 πόνους
867 3084 992 3166 πάντας
1006 3092 1158 3173 πορείας,
1174 3085 1259 3175 κρύ-

295 3218 354 3271 ους
369 3190 477 3259 τεκαὶ
491 3188 644 3268 θάλπους
658 3203 894 3277 καταφρονεῖν,
903 3188 1071 3276 ποταμούς
1082 3216 1118 3257 τε
1127 3215 1259 3277 πηγνυ-

295 3297 419 3382 μένους
433 3307 566 3379 πατεῖν,
581 3293 636 3360 καὶ
651 3299 763 3361 πίνειν
776 3288 1001 3381 ὀρυττόμενον
1016 3286 1090 3359 ἀλλ’
1107 3288 1168 3361 ούκ
1183 3287 1259 3361 ἀνι-

295 3395 451 3485 μῶμενον
465 3391 559 3482 ὕδωρ
576 3397 772 3482 εἰθισμένοι.
803 3394 926 3482 θήραις
940 3420 976 3462 τε
991 3394 1256 3483 έγγεγύμνασθε,

296 3502 351 3569 καὶ
360 3498 494 3578 πάντως
507 3494 589 3585 ύμῖν
599 3500 631 3576 ἐς
646 3494 806 3585 ἀνδρείαν
820 3495 962 3584 ὑπάρχει
975 3513 1115 3585 γενναῖα
1125 3498 1255 3587 ἐφόδια,

261 3630 283 3670 ω
298 3599 341 3684 ῶς
360 3602 447 3692 μηδὲ
467 3608 499 3669 εί
516 3606 702 3689 βουληθείη
720 3627 785 3688 τις,
809 3599 978 3669 δύνασθαι
1000 3596 1081 3688 ύμῖν
1102 3597 1258 3685 ἀντιστη-

297 3734 362 3776 ναι.
417 3710 570 3793 δοκίμιον
584 3704 622 3773 δὲ
635 3710 846 3792 στρατιωτῶν
859 3702 1012 3792 κάματος,
1027 3699 1102 3771 ἀλλ’
1118 3699 1160 3771 ού
1174 3721 1295 3786 πρυ-ες

298 3809 363 3898 φή,
379 3799 466 3899 ᾗπερ
480 3811 601 3877 ἐκεῖνοι
620 3810 916 3901 ἐγκραιπαλῶντές
930 3837 967 3882 τε
989 3810 1051 3881 καὶ
1066 3804 1287 3908 ἑυαυξηθλυ-
