3134 4367
694 439 867 500 ΟΓΔΟΟΝ
1189 440 1248 504 189

250 596 252 606 ’
293 608 465 697 εὐταξίας,
479 610 663 698 ἐπέστησαν
681 609 797 701 πρύτη
813 606 949 690 Ἰταλίας
962 609 1056 682 πόλει
1069 608 1112 702 ἣν
1124 623 1250 687 καλοῦ-

292 736 349 784 σιν
366 710 474 801 Ἡμᾶν
487 718 522 783 οἰ
536 711 721 802 ἐπιχώριοι·
737 712 909 803 πρόκειται
924 713 962 782 δὲ
975 711 1059 803 αύτη
1074 715 1129 786 ἐπ’
1145 716 1249 809 ιἰκρο-

291 817 380 910 τύπῳ
392 822 499 909 πεδίφ
514 819 675 905 ἱδρυμένη
689 815 754 903 πρό
767 823 825 904 τῆς
835 813 1003 912 ὑπωρείας
1014 816 1248 892 πύκ’Ἁλπεωυ.

292 927 379 990 ἔνθα
396 916 630 1008 ύπαντύμενοι
650 928 697 1012 τῷ
715 923 895 1013 Μαξιμίνφ
915 926 949 989 ολ
966 922 1180 1010 προφύλακες
1194 928 1250 995 καὶ

268 1025 413 1095 εσκοπολ
425 1031 485 1096 τού
499 1030 644 1112 στρατοῦ
656 1020 817 1112 ήγγειλαν
834 1019 939 1112 κενήν
954 1020 1146 1113 ἀνθρώπων
1164 1026 1250 1097 εἶναι

292 1125 354 1214 τήν
367 1126 485 1214 πόλιν,
499 1133 671 1214 πανδημεί
686 1156 722 1197 τε
734 1128 941 1215 πεφευγέναι
954 1128 1183 1216 ἐμπρήσαντας
1192 1129 1250 1211 τὰς

291 1230 404 1319 θύρας
419 1236 521 1319 ίεραλν
533 1257 569 1298 τε
581 1231 639 1300 καί
656 1236 789 1318 οἰκιῶν,
811 1230 919 1299 πόντα
937 1258 987 1317 τε,
1009 1228 1071 1301 ὅσα
1090 1223 1133 1321 ήν
1152 1222 1190 1302 ἐν
1209 1240 1250 1322 τῇ

292 1332 389 1403 πόλει
405 1329 510 1421 ήτοϊς
522 1329 651 1421 ιἰγροίς,
665 1329 761 1421 όίμδν
776 1332 1026 1423 έκφορήσαντας
1046 1331 1068 1404 δι’
1089 1336 1127 1405 δέ
1147 1363 1250 1405 κατα-

291 1436 499 1526 πρήσαντος,
514 1440 570 1506 καὶ
583 1437 665 1525 μήτε
677 1433 869 1526 ὑποζυγίοις
885 1438 967 1526 μήτε
981 1435 1175 1527 ἆνθρύποις
1188 1467 1249 1508 κα-

255 1572 277 1614 ιο
293 1548 514 1627 ταλελεῐφθαι
530 1539 665 1637 τροφός..
716 1535 733 1609 ό
749 1540 788 1610 δὲ
802 1542 990 1629 Μαξιμϊνος
1009 1538 1099 1631 ήσθη
1120 1542 1181 1631 μὲν
1194 1545 1279 1613 ε’πλ5

291 1650 332 1733 τῇ
347 1640 623 1718 τῶνἸταλιωτῶν
637 1637 745 1723 εύθύς
759 1651 869 1735 φυγή,
885 1649 1025 1728 ἐλπίζων
1033 1645 1158 1726 πάντας
1171 1644 1249 1726 τούς

293 1746 420 1834 δήμους
435 1754 533 1816 τοῦτο
549 1745 702 1835 ποιήσειν
722 1743 785 1834 ούχ
804 1744 1033 1835 ὑπομένοντας
1046 1745 1108 1835 τήν
1122 1754 1249 1837 ἔφοδον

292 1847 416 1920 αύτού·
440 1846 458 1918 ὁ
482 1851 521 1921 δὲ
543 1847 682 1936 στρατὸς
699 1845 822 1937 ήχθετο
850 1847 958 1931 εὐθύς
983 1853 1021 1919 έν
1044 1847 1128 1941 ιἰρχή
1149 1858 1248 1940 λιμοῦ

291 1952 507 2042 πειρώμενος.
550 1954 889 2042 διαννκτερεύσαντες
910 1944 975 2024 ούν
1000 1962 1036 2023 οἳ
1057 1955 1119 2043 μὲν
1146 1958 1183 2024 έν
1208 1962 1248 2045 πή

251 2094 276 2135 π
293 2056 391 2127 πόλει
404 2059 442 2126 έν
458 2053 671 2146 ἀθύροις-καὶ
684 2073 796 2138 κεναῖς
810 2059 945 2128 πάντων
958 2064 1093 2145 οἰκίαις,
1114 2066 1149 2129 ολ
1162 2054 1195 2127 δ’
1212 2062 1250 2128 ἐν

293 2166 340 2253 τῷ
353 2165 475 2252 πεδίφ,
491 2156 557 2249 ἅμα
571 2155 654 2251 ήλίφ
673 2156 842 2247 ἀνίσχοντι
862 2162 916 2232 ἐπὶ
937 2157 1139 2242 &egmnus
1152 2158 1250 2250 ήπεί-

292 2290 410 2351 γοντο,
432 2259 517 2352 ἅπερ
537 2260 599 2352 όρη
621 2259 796 2352 ὑπερμήκη
814 2260 925 2353 ιύσπερ
947 2280 1051 2351 τεῖχος
1071 2261 1206 2345 Ἰταλίας
1228 2260 1250 2352 ἡ

293 2365 397 2453 φύσις
419 2362 570 2455 ἤγειρεν,
591 2361 766 2455 ύπερνεφή
787 2367 849 2455 μὲν
872 2365 910 2438 τό
930 2363 1031 2453 ύψος,
1052 2366 1250 2456 ε’πιμήκιστα

292 2473 348 2557 δέ,
371 2466 416 2549 ὡς
434 2478 545 2539 πᾶσαν
568 2465 708 2539 Ἰταλίαν
726 2471 922 2559 διειληφότα
942 2469 1106 2558 καθήκειν
1130 2476 1167 2539 ἐν
1187 2471 1250 2557 μὲν

249 2608 277 2649 2⁰
293 2588 364 2653 τοῖς
378 2576 498 2655 δεξιοῖς
507 2569 642 2653 Ἰταλίας
655 2575 791 2661 μέρεσιν
805 2579 838 2653 ἐς
858 2572 895 2643 τὸ
918 2581 1128 2661 Τυρρηναίον
1146 2574 1249 2640 πέλα-

292 2704 368 2763 γος,
383 2679 421 2746 έν
435 2676 473 2746 δὲ
487 2692 556 2757 τοῖς
574 2684 678 2756 λαιοίς
691 2680 725 2755 ές
738 2674 798 2745 τόν
812 2673 929 2748 Ἰόνιον
942 2676 1078 2745 κόλπον.
1128 2675 1249 2744 σκέπε-
1263 2686 1280 2740 6

291 2808 347 2849 ται
360 2779 399 2848 δὲ
412 2775 508 2859 ύλαις
521 2785 670 2859 δασείαις
687 2780 745 2848 καλ
763 2795 922 2867 πυκναῖς,
941 2776 999 2859 τὰς
1022 2778 1060 2847 δὲ
1080 2777 1250 2860 διεξόδους

292 2885 470 2952 ἐστένωται
479 2878 501 2971 ή
511 2880 568 2952 διὰ
582 2880 751 2972 κρημνούς
763 2885 797 2963 ές
808 2882 914 2971 βύθος
928 2883 1082 2970 μέγιστον
1095 2878 1250 2970 ἀπερρω-

292 2982 436 3074 γόταςή
457 2983 514 3055 διὰ
535 2994 667 3077 πετρῶν
686 2985 886 3076 τραχύτητα·
914 2986 1078 3056 στενωποὶ
1100 2984 1165 3074 γύρ
1186 2991 1250 3054 εἰσι

251 3126 277 3168 w
295 3097 538 3179 χειροποίητοι,
552 3088 634 3177 μετὰ
652 3095 778 3160 πολλοῦ
798 3088 947 3178 καμάτου
969 3104 1038 3170 τοίς
1055 3089 1157 3158 πύλαι
1168 3084 1250 3157 Ἰτα-

292 3192 429 3272 λιύταις
443 3196 661 3281 εἰργασμένοι.
688 3189 770 3279 μετὰ
783 3195 882 3274 δέους
897 3183 961 3262 οὖν
976 3199 1104 3262 πολλοῦ
1126 3190 1213 3281 διήει
1231 3188 1250 3259 ὁ

291 3297 450 3386 στρατός,
472 3299 657 3379 ἐλπίζοντες
674 3295 732 3376 τύς
751 3323 788 3365 τε
814 3292 918 3385 ύκρας
940 3302 1164 3383 κατειλῆφθαι
1188 3321 1250 3365 πε-

293 3396 448 3490 φρύχθαι
460 3427 497 3469 τε
509 3397 567 3480 τὰς
580 3399 717 3479 διόδους
729 3403 763 3479 ές
783 3399 943 3487 κωλύμην
963 3404 1021 3487 τής
1040 3395 1154 3467 αὐτῶν
1174 3403 1250 3466 δια-

292 3503 434 3592 βάσεως.
461 3500 599 3591 ἤλπιζον
616 3501 654 3571 δὲ·
667 3504 724 3570 καλ
737 3505 950 3571 ἐδεδοίκεσαν
964 3502 1084 3588 εἰκότα,
1102 3507 1170 3569 τῶν
1182 3528 1250 3587 χω-

252 3633 278 3675 a
295 3614 381 3696 ρίαν
393 3606 646 3695 τεκμαιρόμενοι
658 3602 720 3693 τήν
734 3603 850 3692 φύσιν.
879 3598 924 3687 οἱς
937 3605 975 3675 δὲ
988 3606 1149 3693 διέβησαν
1164 3599 1296 3669 ἀμφ-ζ).

288 3709 400 3787 λύτας
408 3708 556 3795 μηδενός
568 3706 729 3800 ἐμποδών
741 3711 953 3803 γευομένου,
964 3712 1243 3799 καταβαίνοντες
1252 3698 1295 3806 ἷξε

274 3808 313 3875 τό
325 3809 489 3882 ἰσόπεδον
499 3809 569 3905 ήδη
580 3813 845 3913 ἀνεθάρρησάν
860 3847 901 3893 τε
913 3819 982 3893 καὶ
995 3809 1229 3890 ἐπαιάνισαν·
1253 3793 1323 3875 Q*
