3134 4367
696 451 845 513 TPITON
1201 450 1239 509 75

292 623 349 694 καὶ
363 621 437 693 τότε
450 619 529 703 τούς
545 617 762 703 ύνατολικούς
775 622 1009 711 νενικηκότων.
1035 626 1126 713 μένει
1140 625 1178 694 δέ
1191 630 1240 694 ἔτι

290 733 358 796 νῦν
370 723 533 814 τρόπαιον
545 727 601 795 καὶ
611 731 782 813 δεῖγμα
743 754 800 814 της
813 732 908 815 νίκης
920 728 1064 815 ἐκείνης,
1077 727 1171 808 πόλις
1184 730 1239 797 ἐπὶ

291 857 351 899 του
336 826 475 951 ’λόφου
490 824 718 918 Ἀλεξάνδρεια
737 831 942 918 καλουμένη,
963 825 1093 918 άγαλμά
1112 858 1147 900 τε
1160 838 1241 918 χαλ-

292 938 379 1001 κοῦν
393 914 436 1000 ού
450 928 511 1019 τὴν
525 927 779 1021 προσηγορίαν
763 959 782 1001 ο
797 930 895 1012 τόπος
908 933 1012 1021 φέρει.

262 1064 275 1105 ι
399 1034 583 1123 συνέβηδέ
603 1037 657 1104 καὶ
677 1062 745 1103 των
762 1037 996 1123 στρατοπέδων
1015 1062 1075 1104 του
1060 1033 1272 1122 Σεεηρον4

290 1137 397 1208 τεκαὶ
410 1144 471 1206 τοῦ
483 1143 618 1227 Νίγρου
637 1134 681 1226 μὴ
696 1135 756 1226 τὴν
770 1136 971 1207 σύνοδου’
928 1165 1032 1226 μονον
1044 1164 1106 1206 κατ
1108 1133 1241 1206 ’έκεῖνο

289 1242 452 1330 γενέσθαι
472 1266 509 1309 το
498 1236 663 1330 χωρίον,
682 1236 766 1309 άλλόι
778 1239 889 1310 καὶ
857 1267 917 1329 την
931 1239 1035 1329 τύχην
1054 1237 1172 1329 ὁμοίαν
1185 1245 1242 1327 τῆς

290 1343 402 1431 τύχης.
423 1338 908 1433 αντιστρατοπεδενσαμενοι
871 1372 934 1431 γαρ
945 1340 1160 1434 εκατέρωθεν
1166 1342 1243 1431 περὶ

292 1447 449 1535 έσπέραυ,
463 1445 569 1535 πάσης
582 1453 639 1534 τῆς
652 1444 772 1526 νυκτὸς
787 1449 824 1516 ἐν
837 1453 1013 1535 φροντίσιν
1025 1446 1174 1535 ἑκάτεροι
1187 1446 1245 1515 καλ

255 1576 277 1617 ιο
293 1552 362 1619 δέει
382 1544 766 1640 διαγρηγορήσαντες,“
744 1577 811 1636 αμα
832 1545 915 1641 ἡλίρι
929 1546 1097 1637 ἀνίσχοντι
1114 1545 1167 1619 ἐπ’
1184 1545 1245 1618 άλ-

291 1652 415 1741 ληλους
441 1647 637 1740 η’πείγοντο,
670 1650 919 1741 παρορμώντων
945 1654 1153 1742 ἑκατέρωθεν
1177 1658 1246 1721 τῶν

292 1760 500 1844 στρατηγῶν.
533 1761 707 1846 προθυμία
728 1751 769 1841 66
786 1754 875 1845 πόση
901 1756 1077 1824 ἐνέπιπτον
1096 1751 1140 1836 ὡς
1160 1750 1246 1843 ὑπὲρ

290 1863 410 1945 λοιπῆς
423 1858 481 1926 καὶ
493 1863 683 1937 τελευταίας
696 1860 825 1946 ἐκείνης
841 1856 954 1946 μάχης,
969 1853 1066 1928 κᾶκεϊ
1076 1865 1134 1947 τῆς
1147 1856 1247 1945 τύχης

294 1959 530 2049 διακρινούσης
549 1964 609 2030 τόν
622 1964 769 2050 βασιλέα.
820 1963 875 2031 ἐπὶ
888 1958 973 2030 πολύ
983 1960 1031 2034 ,δέ
1045 1957 1158 2031 αύτιόν
1170 1964 1275 2032 δια-5

253 2083 278 2125 ¹⁵
294 2062 534 2154 γωνισαμένων
551 2070 677 2132 πολλοῦ
693 2090 728 2133 τε
747 2066 967 2153 έργασθέντος
982 2060 1108 2152 φόνου,
1126 2059 1171 2144 ὦς
1190 2066 1247 2133 καλ

293 2164 334 2236 τά
348 2169 471 2257 ρεοθρα
489 2172 557 2237 τῶν
577 2164 634 2234 διὰ
652 2173 712 2235 τοῦ
726 2173 846 2237 πεδίου
862 2174 1019 2255 ποταμῶν
1035 2167 1180 2257 ῥεόντων
1192 2171 1247 2235 α’ί-

294 2296 394 2358 ματος
409 2277 524 2339 πλεῖον
537 2263 559 2356 6
572 2264 695 2349 ύδατος
707 2270 864 2358 κατάγειν
877 2273 911 2351 ἐς
930 2271 1121 2357 θάλασσαν,
1141 2267 1247 2359 τροπὴ

295 2378 363 2441 τῶν
377 2367 584 2442 άνατολικων
596 2377 732 2459 γίνεται.
767 2373 996 2462 ἐκβιασάμενοι
1019 2373 1057 2442 δὲ
1077 2370 1199 2452 αύτούς
1215 2376 1251 2441 οί

291 2470 448 2566 Ἰλλυριοί
460 2473 538 2555 τούς
550 2473 612 2563 μὲν
632 2477 665 2556 ἐς
678 2472 739 2559 τὴν
753 2480 999 2566 παρακειμένην
1011 2476 1185 2545 θάλασσαν
1197 2501 1250 2542 τι-

255 2600 282 2641 w
297 2577 502 2667 τρύσκοντες
522 2580 703 2665 ἐξωθοῦσι,
725 2576 805 2659 τούς
823 2578 861 2647 δὲ
887 2577 1073 2666 φεύγοντας
1093 2578 1148 2647 ἐπὶ
1171 2573 1250 2656 τούς

297 2680 425 2770 λόφους
445 2679 621 2759 διώκοντες
635 2676 758 2760 αύτούς
776 2707 813 2749 τε
834 2679 1018 2768 φονεύουσι
1037 2680 1093 2748 καλ
1112 2676 1199 2747 πολύ
1217 2705 1250 2746 τι

297 2790 427 2873 πλῆθος
441 2779 552 2853 ἄλλων
565 2779 775 2872 ἀνθρώπων,
795 2778 878 2870 ὅπερ
901 2788 938 2852 έκ
958 2808 993 2851 τε
1014 2787 1082 2850 τῶν
1101 2807 1249 2869 περικει-

297 2888 410 2974 μένων
432 2886 563 2955 πόλεων
582 2886 639 2955 καὶ
660 2880 774 2974 άγρύν
797 2882 973 2976 ἤθροιστο,
992 2879 1037 2965 ὥς
1058 2880 1115 2955 ἄπ’
1138 2880 1249 2974 άσφα-

299 2995 379 3072 λούς
391 2995 453 3057 τοῦ
466 2988 570 3059 τόπου
583 2985 625 3056 τά
641 2987 801 3077 γινόμενα
816 2987 1002 3059 θεάσοιυτο.

259 3123 285 3166 τι
402 3086 421 3160 ό
439 3092 476 3161 δέ
492 3098 619 3180 Νίγρος
635 3096 723 3184 λ’ππφ
738 3099 881 3185 γενναίῳ
895 3090 1114 3179 ἐποχούμενος
1131 3087 1250 3177 φεύγει
1264 3108 1282 3164 6

298 3191 371 3283 μετ’
390 3190 525 3282 όλίγων,
541 3200 574 3274 ές
586 3221 622 3263 τε
635 3192 695 3282 τὴν
709 3190 911 3283 Ἀντιόχειαν
925 3191 1122 3283 ἀφικνεῖται.
1149 3222 1252 3265 κατα-

298 3294 415 3386 λαβύν
431 3298 469 3367 66
482 3296 651 3385 φεύγοντα
663 3296 722 3366 τόν
735 3297 853 3369 λοιπὸν
867 3304 982 3387 δῆμον,
999 3307 1032 3367 εί
1042 3298 1079 3367 τέ
1088 3325 1137 3379 τις
1150 3324 1252 3368 κατα-

299 3402 469 3488 λέλειπτο,
482 3399 631 3489 οίμωγήν
647 3427 684 3484 τε
702 3403 758 3497 καλ
771 3404 897 3481 πένθος
910 3404 947 3470 ἐν
966 3407 1006 3491 τῇ
1020 3399 1115 3469 πόλει
1133 3400 1253 3480 παῖδάς

300 3531 336 3574 τε
349 3504 408 3574 καί
421 3499 589 3591 ἀδελφούς
601 3502 841 3591 θρηνούντων,
856 3502 1033 3592 γενόμενος
1046 3505 1083 3572 ἐν
1097 3500 1253 3592 άπογυοό-
1327 3575 1329 3579 ⁴

263 3633 286 3675 εο
301 3628 354 3677 σει
367 3608 425 3676 καὶ
437 3603 538 3687 αύτός
551 3608 587 3674 ἐκ
596 3611 653 3692 τῆς
663 3601 861 3694 Ἀντιοχείας
874 3603 1119 3695 ἀποδιδράσκει.
1146 3606 1202 3674 καὶ
1215 3608 1254 3672 ἐν

301 3738 370 3781 τινι
392 3713 578 3803 προαστείῳ
600 3707 843 3799 κρυπτόμενος,
869 3705 1022 3801 εὑρεθείς
1043 3735 1078 3776 τε
1098 3701 1165 3774 ύπδ
1186 3709 1254 3774 τῶν
