3134 4367
638 419 858 498 τοιουτου
1161 414 1220 477 173

262 586 518 688 φιλύδοξοςώυ,
533 588 614 663 οὐδὲ
632 590 742 683 άηδώς
762 589 905 683 ύπέστη,
921 593 1076 683 ἑλόμενος
1094 599 1222 685 μᾶλλον

261 700 321 771 τὸν
334 700 500 788 μέλλοντα
519 702 683 767 κίνδυνον
700 693 723 787 ἢ
742 695 802 767 τὸν
822 692 989 787 παρόντα,
1009 706 1047 769 ἐν
1067 724 1102 767 τε
1121 696 1221 787 γήραι

261 802 389 894 ἐσχάτῳ
404 797 446 870 ού
459 800 550 870 πάνυ
561 828 598 871 αι
613 799 728 871 δεινὸν
740 808 901 890 νομίζων,
924 808 955 872 εί
971 805 1059 888 δέοι,
1073 801 1111 870 ἐν
1124 807 1222 888 βασι-

262 915 371 987 λικαῖς
394 919 504 993 τιμαῖς
525 905 581 973 καλ
603 911 807 993 τελευτῆσαι.
859 911 928 974 πᾶν
955 906 997 996 δη
1023 903 1061 975 τὸ
1082 901 1253 991 Λιβύωνδ

241 1016 364 1090 σέθνος
379 1004 510 1088 εὐθέως
525 1007 717 1096 ἐδεδόνητο,
732 1009 790 1077 καὶ
802 1006 861 1089 τάς
880 1009 942 1095 μὲν
955 1017 1015 1081 τοῦ
1029 1007 1223 1094 Μαξιμίυου

264 1109 358 1200 τιμάς
381 1110 575 1201 καθῄρουν,
596 1107 700 1191 εἰκόσι
724 1110 763 1180 δὲ
782 1113 839 1180 καὶ
861 1108 1017 1201 άνδριᾶσι
1032 1114 1224 1199 Γορδιαυού

263 1214 319 1297 τὰς
345 1214 461 1295 πόλεις
487 1212 668 1303 ἐκόσμουν,
689 1221 735 1306 τῷ
757 1242 794 1283 τε
819 1222 927 1307 κυρίην
954 1213 1060 1286 αὐτοῦ
1086 1209 1225 1301 ὀνόματι

264 1319 470 1407 προσθέντες
486 1313 691 1407 Ἀφρικαυὸυ
709 1315 871 1388 ἐκάλεσαν
883 1314 945 1408 ἀφ’
963 1322 1107 1390 ἑαυτῶν·
1136 1311 1224 1385 ούτω

265 1420 326 1511 γάρ
347 1427 476 1509 Λίβυες
499 1425 534 1490 οί
549 1417 616 1491 ὑπὸ
639 1426 849 1512 μεσημβρίαν
874 1429 914 1511 τῇ
932 1419 1102 1513 Ῥωμαίων
1126 1422 1225 1517 φωνῇ

236 1552 253 1591 ιο
267 1531 459 1593 καλοῦνται.

367 1622 440 1697 ὁδδ
455 1623 641 1715 Γορδιανὸς
663 1629 877 1712 ἐνδιατρίψας
897 1633 936 1717 τῇ
957 1624 1114 1722 Θύστρῳ,
1137 1635 1256 1700 &vm

266 1736 369 1800 ταῦτα
383 1729 552 1819 ἐπράχθη,
567 1726 701 1819 ἡμερῶν
716 1735 835 1815 τινών,
856 1724 921 1819 ἤδη
935 1732 1050 1821 φέρων
1064 1734 1226 1821 βασιλέως

266 1831 370 1923 ὄνομα
385 1834 442 1901 καὶ
455 1839 572 1921 σχῆμα,
587 1829 715 1920 άπάρας
727 1859 763 1901 τε
777 1839 835 1920 της
849 1833 1005 1922 Θύστρου
1015 1838 1048 1916 ἐς
1061 1833 1123 1924 τὴν
1133 1843 1226 1922 Καρ-

267 1934 393 2026 χηδόνα
407 1932 570 2024 ἠπείχθη,
585 1931 629 2024 ἣν
647 1931 722 2026 ᾔδει
741 1943 901 2025 μεγίστην
917 1964 952 2006 τε
972 1929 1078 2008 ούσαν
1093 1940 1151 2008 καί
1164 1966 1226 2008 τιο-
1271 1951 1275 1960 ’

236 2069 254 2112 ιε
268 2040 512 2129 λυάνδρωπον,
527 2034 573 2108 ἵν’
597 2034 709 2128 ὥσπερ
730 2042 767 2108 ἐν
782 2034 887 2129 Ῥώμη
911 2040 1019 2111 πάντα
1040 2042 1182 2134 πράττη·
1205 2038 1226 2131 ἡ

267 2141 328 2232 γάρ
346 2142 444 2224 πόλις
463 2146 574 2230 ἐκείνη
591 2144 648 2211 καὶ
669 2142 811 2231 δυνάμει
831 2143 1008 2233 χρημάτων
1026 2147 1083 2215 καλ
1102 2146 1226 2234 πλήθει

268 2255 333 2317 τών
347 2245 597 2315 κατοικούντων
610 2247 666 2314 καὶ
679 2248 817 2335 μεγέθει
835 2246 938 2336 μόνης
949 2244 1071 2337 Ῥώμης
1090 2245 1227 2319 άπολεί-

269 2376 381 2438 πεται,
397 2355 637 2438 φιλονεικοῦσα
658 2347 741 2438 πρὸς
756 2346 817 2439 την
836 2353 874 2419 ἐν
895 2351 1057 2445 Αἰγύπτῳ
1073 2349 1228 2435 Ἀλεξάν-

269 2459 354 2543 δρου
369 2452 469 2523 πόλιν
482 2453 560 2542 περὶ
574 2457 784 2541 δευτερείων.
840 2458 949 2524 εἵπετο
970 2454 1008 2524 δδ
1026 2451 1117 2546 αύτῷ
1136 2462 1257 2524 πᾶσαν

235 2575 256 2619 ω
271 2553 289 2645 ἡ
302 2553 461 2646 βασιλικὴ
476 2554 600 2645 πομπή,
619 2561 687 2624 τών
700 2555 763 2645 μὲν
776 2564 998 2645 στρατιωτῶν,
1013 2562 1133 2636 οἵτινες
1143 2547 1229 2645 ἦσαν

270 2664 355 2748 ἐκεῖ,
369 2660 427 2730 καὶ
440 2665 508 2727 τών
521 2656 605 2729 κατά
624 2655 687 2747 τὴν
706 2657 807 2727 πόλιν
829 2660 1095 2747 ἐπιμηκεστέρων
1114 2665 1230 2729 νεανί-

270 2785 362 2833 σκωυ
383 2764 422 2831 ἐν
439 2760 577 2851 σχήματι
598 2767 666 2830 τών
688 2759 772 2830 κατὰ
794 2758 856 2851 τὴν
875 2757 1002 2851 Ῥώμην
1025 2762 1230 2852 δορυφόρων

271 2863 475 2957 προιόντων·
498 2870 535 2935 αί
551 2893 587 2935 τε
607 2863 726 2953 ῥάβδοι
747 2865 1025 2956 ἐδαφνηφόρουυ,
1049 2862 1131 2954 ὅπερ
1162 2868 1231 2936 ἐστὶ

272 2969 444 3058 σύμβολον
467 2972 500 3049 ἐς
520 2966 557 3039 τύ
582 2974 765 3056 διαγνώυαι
794 2967 851 3050 τάς
871 2967 1045 3058 βασιλικάς
1071 2965 1136 3040 άπὸ
1162 2977 1231 3039 τών

237 3078 470 3159 είδιωτικών,
494 3070 531 3141 τδ
556 3071 594 3141 δδ
611 3078 679 3162 πῦρ
701 3071 974 3162 προεπόμπευεν,
998 3069 1042 3155 ώς
1069 3068 1151 3156 ύψιυ
1173 3076 1231 3143 καί

272 3176 377 3265 τύχην
392 3182 481 3263 ἔχειν
493 3172 577 3264 πρὸς
590 3171 715 3263 ὀλίγον,
732 3172 844 3266 ὥσπερ
859 3179 895 3246 ἐν
910 3176 1025 3265 εἰκόνι,
1040 3183 1098 3266 τῆς
1108 3172 1232 3266 Ῥώμης

273 3287 340 3349 τών
355 3283 602 3368 Καρχηδονίων
617 3276 678 3366 τὴν
692 3278 801 3349 πόλιν.

376 3378 397 3451 ὅ
410 3409 447 3452 τε
460 3377 645 3471 Γορδιαυδς
654 3381 829 3471 γράμματά
843 3408 878 3450 τε
887 3381 1094 3470 πάμπλειστα
1107 3385 1229 3473 ε’κπίμ-
1246 3403 1264 3458 3

275 3512 329 3556 πει
352 3482 439 3576 πρὸς
460 3488 601 3555 ἕκαστον
626 3491 694 3553 τών
716 3484 799 3554 κατά
821 3483 882 3572 την
898 3481 1024 3573 Ῥώμην
1047 3488 1233 3574 πρωτεύειν

242 3615 262 3657 υ
276 3588 490 3677 δοκούντων,
504 3601 572 3668 τοῖς
586 3613 621 3655 τε
635 3593 692 3677 τῆς
711 3587 898 3678 συγκλήτου
912 3590 1156 3680 δοκιμωτάτοις
1167 3593 1244 3657 km-

276 3686 415 3776 στέλλει,
432 3681 483 3759 ών
495 3682 583 3779 η’σαν
594 3687 690 3787 αύτῷ
702 3700 859 3767 πλεῖστοι
877 3700 979 3787 φίλοι
998 3722 1040 3765 τε
1057 3693 1122 3765 κοιλ
1137 3709 1275 3771 ww*

257 3805 333 3869 rsty,
362 3794 556 3888 ἔποιησεδδ
569 3799 630 3869 καὶ
654 3800 815 3894 δημόσια
834 3802 1036 3897 γράμματα
1057 3793 1153 3889 πρὸς
1171 3812 1216 3857 τὶ
1233 3778 1303 3848 ὢν
