3134 4367
298 412 339 474 52
666 414 892 473 AEYTEPON

298 585 443 675 βήματος
455 582 546 678 αὐτῷ
567 586 897 664 κατασκευασθέντος
918 587 1008 666 ἔλεξε
1026 584 1137 654 τοιοίδε
1152 582 1249 654 ἀνελ-

298 688 385 759 θών.
1101 741 1104 750 ,

218 826 220 829 ’
270 820 286 870 2
397 786 477 879 “τῆς
496 790 558 880 μέν
580 793 659 879 ἐμῆς
680 789 814 878 γνώμης
832 786 871 857 τό
897 795 1005 878 πρᾶον
1029 793 1086 860 καὶ
1110 789 1192 881 πρός
1212 790 1252 860 τά

297 894 423 985 μεγάλα
437 898 505 964 τών
525 896 775 981 τετολμημένων
796 889 934 980 εὐλαβὲς
960 904 1039 974 ίσως
1061 896 1152 963 ἐστὶν
1171 890 1252 983 ὑμῖν

297 999 400 1071 πάλαι
413 997 597 1086 γνώριμον·
618 994 693 1065 οὐδ’
717 990 760 1064 ἀν
780 1002 845 1065 νῦν
866 1000 898 1075 ές
919 992 1005 1085 ὑμᾶς
1019 990 1127 1086 ἦλθον
1146 1004 1250 1067 ταῦτα
1268 1020 1280 1060 5

297 1101 549 1192 δημηγορήσων,
565 1107 596 1169 εἰ
608 1103 645 1169 ἐκ
659 1100 762 1189 μόνης
776 1102 998 1189 προαιρέσεως
1014 1106 1183 1189 ἰδιωτικῆς
1196 1105 1252 1171 καὶ

297 1204 421 1293 ἀλόγου
436 1208 568 1283 ἐλπίδος
581 1198 602 1291 ἢ
615 1211 762 1292 μείζονος
775 1205 908 1283 ἐλπίδος
922 1206 1103 1293 ἐπιθυμίας
1116 1202 1251 1273 ἀνεπει-

296 1310 419 1399 θόμην.
447 1304 519 1376 ἀλλ’
536 1306 593 1393 ἐμὲ
612 1313 751 1376 καλοῦσι
766 1302 933 1394 Ῥωμαῖοι,
949 1309 1004 1376 καὶ
1023 1313 1172 1396 συνεχως
1193 1316 1251 1395 βο-

299 1420 401 1492 ώντες
414 1414 607 1496 ἐπείγουσιν
621 1407 729 1501 ὀρέξαι
743 1438 779 1479 τε
792 1427 886 1499 χεῖρα
908 1411 1073 1500 σωτήριον
1093 1415 1150 1480 καὶ
1164 1408 1251 1481 οὕτω

297 1514 359 1605 τὴν
373 1516 509 1595 ἔνδοξον
522 1515 578 1582 καὶ
597 1514 753 1604 ἐνάρετον
767 1510 832 1583 ἀπὸ
847 1513 1023 1602 προγόνων
1037 1513 1175 1585 ἀνωθεν
1189 1511 1248 1604 ἀρ·
1272 1531 1294 1570 ¹⁰

213 1626 219 1638 '
268 1616 361 1709 3χην
374 1614 418 1707 μὴ
434 1622 598 1706 περιιδεῖν
617 1623 759 1707 αἰσχρῶς
779 1620 991 1707 ἐρριμμένην.
1033 1615 1143 1707 ὥσπερ
1165 1616 1253 1687 δέτό

297 1738 365 1802 τοῖς
378 1721 583 1809 τηλικούτοις
603 1724 782 1809 ἐπιτολμᾶν
802 1718 864 1790 οὐκ
885 1718 985 1808 οὔσης
1007 1718 1149 1808 εὐλόγου
1171 1748 1252 1810 προ-

200 1874 202 1876 ·
297 1825 429 1914 φάσεως
444 1824 604 1913 προπετὲς
617 1826 672 1892 καὶ
695 1823 824 1913 θρασό,
846 1820 932 1895 οὕτω
953 1823 1066 1894 καὶτὸ
1087 1822 1170 1914 πρός
1193 1852 1252 1906 κα-

297 1933 439 2006 λοῦντας
457 1928 513 1995 καί
534 1917 712 2015 δεομένους
733 1923 879 2015 ὀκνηρόν
900 1923 1083 2017 ἀνανδρίας
1105 1926 1171 2016 ἅμα
1198 1930 1254 1997 καὶ

298 2036 477 2121 προδοσίας
492 2031 586 2119 φέρει
601 2029 771 2118 διαβολήν.
792 2028 844 2098 διό
858 2035 1035 2119 παρῆλθον
1049 2031 1253 2120 πευσόμενος
1273 2051 1294 2091 15

297 2130 394 2223 όμών
412 2139 487 2202 τίνοι
508 2132 646 2222 γνώμην
666 2138 770 2220 ἔχοιτε
790 2135 846 2202 καὶ
865 2140 900 2200 τί
917 2138 1082 2222 πρακτέον
1103 2129 1255 2224 ἡγοῖσθε,

298 2236 499 2324 συμβούλοις
517 2264 553 2305 τε
572 2232 653 2324 ὑμῖν
671 2238 727 2304 καὶ
747 2252 921 2316 κοινωνοῖς
947 2238 1150 2327 χρησόμενος
1178 2241 1255 2327 περὶ

211 2403 213 2408 .
297 2343 366 2410 τών
386 2339 627 2409 καθεστώτων·
651 2337 688 2407 τό
702 2336 766 2428 γάρ
786 2336 1041 2428 ἀποβησόμενον
1061 2349 1094 2411 εί
1114 2338 1253 2430 εὐτυχη-

298 2450 395 2530 θείη,
415 2438 533 2531 κοινὴν
553 2446 629 2530 ἐμοί
646 2470 681 2511 τε
701 2444 757 2512 καὶ
775 2438 857 2531 ὑμῖν
877 2440 939 2532 τὴν
960 2441 1147 2514 ἀπόλαυσιν
1167 2471 1252 2534 παρ-

269 2549 375 2630 4έξει.
427 2543 467 2615 οὐ
482 2551 608 2634 φαῦλαι
629 2546 666 2615 δέ
686 2542 766 2616 οὐδὲ
784 2552 908 2632 κοῦφαι
928 2553 1089 2618 καλοῦσιν
1110 2552 1252 2634 ἐλπίδες,
1271 2574 1296 2613 ω

299 2648 372 2721 ἀλλ’
394 2647 413 2719 ὅ
438 2677 473 2718 τε
495 2645 664 2739 Ῥωμαίων
691 2655 811 2738 δημος,
832 2639 859 2742 ᾦ
884 2636 946 2739 τὴν
969 2657 1166 2722 δεσποτείαν
1185 2659 1255 2721 τών

299 2749 457 2823 ἀπάντων
472 2760 608 2842 ἔνειμαν
620 2755 765 2823 θεοὶκαὶ
784 2751 845 2842 τὴν
858 2761 1048 2841 βασιλείαν,
1072 2752 1094 2843 ἦ
1113 2782 1148 2823 τε
1171 2752 1255 2845 ἀρχὴ

300 2854 488 2925 σαλεόονσα
507 2858 563 2924 καὶ
584 2854 673 2944 παρὰ
691 2862 814 2945 μηδενί
837 2882 889 2923 πω
914 2864 1058 2943 βεβαίως
1080 2862 1253 2950 ἱδρυμένη.

300 2954 384 3027 ὅθεν
398 2952 478 3045 ἡμῖν
491 2960 546 3025 καὶ
559 2956 596 3026 τό
609 2963 666 3046 τῆς
680 2958 912 3046 ἐπιχειρήσεως
925 2956 1082 3048 ἀσφαλές,
1098 2968 1134 3030 ἐκ
1147 2990 1183 3029 τε
1197 2968 1254 3050 τῆς

300 3066 368 3130 τών
378 3060 571 3129 καλούντων
584 3059 716 3148 γνώμης
729 3063 785 3128 καὶ
806 3064 842 3129 ἐκ
862 3067 922 3129 τοῦ
940 3067 1068 3151 μηδένα
1088 3063 1174 3133 εἶναι
1194 3064 1253 3134 τόν
1270 3092 1295 3132 νε

272 3161 496 3237 ὀάνθεστώτα
517 3164 599 3252 μηδὲ
618 3163 807 3249 κωλύοντα,
828 3158 983 3254 όπάρξει·
1004 3166 1142 3257 καὶγὰρ
1163 3173 1197 3237 οῖ
1215 3165 1254 3237 τὰ

303 3270 436 3337 ἐκεῖθεν
450 3263 664 3354 ἀγγέλλοντές
679 3288 760 3355 φασι
780 3267 866 3356 μηδὲ
884 3266 961 3349 τοός
982 3272 1200 3361 στρατιώτας,
1223 3279 1255 3340 οἳ

302 3368 364 3459 τὴν
377 3366 482 3457 ἀρχὴν
502 3366 592 3463 αὐτῷ
613 3369 789 3459 χρημάτων
809 3367 988 3459 ἀπέδοντο,
1010 3372 1147 3454 πιστοὺς
1167 3374 1253 3444 εἶναι

304 3469 496 3562 [φρουροὺς]
518 3468 698 3563 ὑπηρέτας,
719 3474 803 3563 μηδὲ
822 3477 1056 3566 κληρώσαντος
1083 3474 1254 3548 ἐκείνουδ

303 3572 472 3663 ὑπέσχετο.
498 3584 573 3646 τίνα
586 3584 703 3648 τοίνυν
716 3583 806 3665 ἔχετε
819 3580 965 3670 γνώμην,
981 3579 1179 3670 δηλώσατε.”
1269 3612 1296 3653 τι

271 3700 288 3755 6
405 3680 541 3749 τοιαῦτά
553 3707 628 3750 τινα
642 3681 792 3763 είπόντος
806 3679 927 3771 αὐτοῦ,
949 3680 1076 3765 εὐθέως
1094 3683 1132 3755 τό
1152 3706 1250 3774 στρα-

300 3780 456 3853 τιωτικόν
473 3789 541 3855 πᾶν
554 3786 609 3854 καὶ
622 3782 659 3854 τό
671 3789 929 3876 συνειλεγμένον
947 3792 1075 3875 πλῆθος
1088 3786 1251 3882 αὐτοκρά-
