3134 4367
666 410 889 471 AETTEPON
1216 409 1258 471 45

295 590 384 653 σθαί
400 584 507 651 τεκαὶ
521 581 629 651 πάντα
642 581 817 672 πράττειν,
839 579 990 672 οὐδαμοῦ
1002 590 1111 674 τῦφον
1131 580 1152 675 ῆ
1172 611 1256 676 πομ-

295 684 366 776 πῆν
380 686 610 777 παρεχόμενον
622 685 810 775 βασιλικῆν.
946 761 948 768 ,

401 790 557 877 τοιαύτης
572 790 609 859 δέ
625 786 795 879 εὐμοιρίας
809 790 866 857 καί
886 784 1038 871 εὐταξίας
1057 791 1256 881 κατεχούσης
1273 808 1291 869 5

296 892 357 963 τὸν
378 900 471 981 βίον,
491 893 588 982 μόνοι
607 897 642 962 οί
660 892 862 983 δορυφόροι,
881 889 1100 980 ἀσχάλλοντες
1119 896 1180 984 μὲν
1203 899 1257 966 ἐπὶ

265 1018 280 1060 ε
295 1013 366 1076 τοῖς
379 1002 536 1086 παροῦσι,
550 1001 736 1076 ποθοῦντες
750 996 788 1065 δὲ
801 994 859 1075 ’τάς
873 998 928 1065 ἐπὶ
941 1001 1000 1086 τῆς
1013 1002 1257 1088 προγενομένης

295 1105 499 1190 τυραννίδος
518 1096 669 1189 ἁρπαγάς
689 1126 724 1168 τε
743 1100 800 1167 καί
820 1106 895 1187 βίας
915 1106 953 1169 ἔν
972 1127 1008 1168 τε
1027 1096 1184 1181 ἀσωτίαις
1202 1106 1258 1172 καλ

296 1201 515 1294 κραιπάλαις,
530 1202 773 1292 ἐβουλεύσαντο
787 1199 1082 1273 ἀποσκευάσασθαι
1095 1203 1155 1274 τόν
1167 1214 1256 1293 Περ-

296 1314 418 1375 τίνακα
433 1301 477 1387 ὡς
490 1304 571 1376 όντα
584 1303 697 1387 αὐτοῖς
709 1304 820 1395 βαρύν
832 1308 888 1375 καί
902 1309 1043 1395 ἐπαχθῆ,
1066 1314 1199 1397 ζητῆσαι
1222 1312 1262 1377 δέ

296 1438 374 1480 τινα
391 1408 452 1479 τὸν
471 1409 573 1480 πόλιν
599 1406 712 1490 αὐτοῖς
732 1407 852 1478 ἀνετον
870 1412 926 1479 καί
952 1407 1136 1482 ἀκόλαστον
1156 1414 1258 1501 παρέ-ε

255 1540 281 1581 ιο
298 1516 397 1597 ξοντα
412 1516 576 1595 ἐξουσίαν.
592 1536 594 1540 ·
629 1519 808 1602 αίφνιδίως
821 1520 948 1600 τοίνυν,
962 1511 1099 1596 οὐδενὸς
1114 1521 1256 1605 προσδο-
1273 1527 1290 1579 2

297 1622 426 1696 κῶντος
439 1614 524 1687 ἀλλά
538 1616 674 1687 πάντων
688 1620 725 1686 ἐν
738 1613 860 1707 ῆσυχίμ
875 1618 1136 1706 διατριβόντων,
1156 1624 1258 1711 θυμῷ

298 1722 357 1789 καί
371 1716 481 1814 ἀλόγῳ
497 1717 582 1810 ὁρμῆ
597 1724 633 1790 ἐκ
650 1726 711 1790 τοῦ
730 1722 956 1807 στρατοπέδου
983 1719 1095 1815 δρόμῳ
1116 1722 1259 1812 φερόμε-

298 1852 354 1893 νοι
375 1821 470 1893 αὐτοὶ
489 1819 613 1914 ῆμέρας
632 1822 839 1913 ἀκμαζούσης
859 1826 1062 1912 ἐπεισῆλθον
1078 1842 1146 1905 τοῖς
1162 1833 1258 1914 βασι-

300 1933 423 2014 λείοις,
437 1926 479 1996 τά
491 1955 527 1996 τε
542 1926 666 2017 δόρατα
680 1926 927 2023 διατεινάμενοι
941 1929 997 1996 καί
1014 1926 1054 1997 τά
1075 1930 1154 2017 ξίφη
1172 1950 1257 1998 σπα-

259 2067 283 2108 15
299 2030 450 2119 σάμενοι.
502 2037 550 2123 τῷ
564 2031 601 2100 δέ
620 2029 796 2123 παραδόξῳ
816 2036 877 2101 τού
889 2036 990 2120 ἐργου
1003 2034 1059 2100 καί
1072 2028 1259 2126 ἀνελπίστῳ
1274 2046 1291 2100 3

299 2138 335 2206 οἱ
353 2136 390 2203 ἐν
410 2140 450 2224 τῆ
472 2142 631 2228 βασιλείῳ
654 2129 820 2225 ὐπηρεσίηι
837 2137 1078 2223 ταραχθέντες,
1098 2133 1204 2223 ὀλίγοι
1223 2163 1259 2204 τε

301 2234 385 2327 πρός
404 2236 549 2317 πολλούς
575 2241 631 2306 καὶ
655 2236 795 2308 ἀνοπλοι
816 2236 898 2326 πρός
925 2234 1171 2327 ὡπλισμένους,
1199 2235 1261 2309 οὐκ

300 2348 440 2429 ἐμενον,
455 2338 528 2411 ἀλλ’
545 2345 682 2421 ἕκαστος
695 2337 737 2431 ῆν
751 2345 971 2431 ἐγκεχείριστο
985 2340 1139 2433 φρουράν
1152 2341 1261 2412 λιπύν

301 2440 322 2533 ῆ
337 2447 392 2513 ε’πὶ
405 2449 447 2533 τῆ
461 2442 585 2538 αὐλείῳ
599 2440 620 2533 ῆ
635 2448 689 2514 ἐπὶ
702 2462 775 2526 ταῖς
788 2453 918 2526 λοιπαῖς
939 2446 1083 2525 εἰσόδοις
1102 2452 1259 2534 ἔφευγον.

259 2578 286 2618 ιο
302 2545 410 2635 ὀλίγοι
439 2550 478 2616 δέ
495 2576 583 2629 τινες
608 2554 677 2618 των
697 2545 920 2634 εὐνοούντων,
944 2554 1192 2635 διαγγείλαντες
1214 2553 1260 2638 τῳ

301 2659 486 2740 Περτίνακι
493 2649 555 2741 τῆν
568 2641 704 2740 ἐφοδου,
712 2650 960 2739 συνεβούλευον
974 2666 1098 2738 φυγεῖν
1107 2655 1147 2738 τῆ
1152 2677 1187 2718 τε
1201 2654 1261 2719 τοῦ

302 2754 413 2845 δῆμον
426 2761 569 2846 βοηθείᾳ
583 2752 704 2823 ἑαυτὸν
718 2756 904 2823 ἐπιδοῦναι.
939 2748 958 2821 ὁ
973 2753 1010 2822 δέ
1024 2755 1079 2821 καλ
1092 2769 1161 2833 τοῖς
1174 2774 1258 2841 συμ-
1274 2762 1291 2816 4

301 2855 528 2946 βουλεύουσιν
547 2855 639 2950 αὐτῷ
659 2854 741 2947 πρὸς
761 2855 799 2926 τὸ
822 2854 930 2947 παρόν
948 2853 1099 2946 ὠφέλιμα
1117 2854 1162 2946 μῆ
1187 2884 1259 2926 πει-

302 2968 410 3046 σθείς,
425 2956 558 3051 ἀπρεπῆ
572 2961 609 3032 δέ
622 2964 679 3031 καλ
692 2959 900 3051 ἀνελεύθερα
913 2967 1083 3047 βασιλείας
1095 2988 1132 3029 τε
1145 2958 1262 3044 ἀνάξια

261 3090 288 3131 αι
304 3067 444 3133 καὶτῶν
462 3068 745 3154 προβεβιωμένων
763 3060 856 3157 αὐτῷ
875 3065 931 3132 καί
952 3067 1262 3154 προπεπραγμένων

302 3174 459 3257 νομίσας,
475 3167 615 3256 φεύγειν
628 3169 691 3258 μέν
704 3164 725 3259 ῆ
739 3178 861 3238 λαθεῖν
882 3165 943 3238 οὐκ
962 3165 1146 3258 ῆθέλησεν,
1162 3163 1262 3258 ὁμόσε

304 3272 343 3342 δὲ
363 3270 515 3362 χωρῆσας
528 3279 575 3365 τῳ
593 3271 759 3362 πράγματι
773 3277 946 3362 προῆλθεν
966 3267 1009 3351 οὸς
1032 3272 1262 3362 διαλεξόμενος

303 3372 438 3461 αὐτοῖς,
461 3378 598 3457 ἐλπίσας
616 3383 745 3445 πείσειν
763 3403 801 3444 τε
819 3372 941 3455 αὐτούς
967 3377 1024 3444 καὶ
1044 3376 1187 3446 παύσειν
1204 3381 1262 3466 τῆς

304 3476 431 3566 ἀλόγου
455 3481 488 3559 ές
513 3479 550 3549 τό
577 3477 685 3569 παρὸν
705 3474 817 3569 ὁρμῆς.
870 3481 926 3547 καὶ
947 3476 989 3568 δῆ
1010 3485 1071 3549 τού
1092 3486 1291 3569 δωματίου5

264 3606 291 3647 ω
308 3580 501 3672 προελθών,
508 3579 745 3670 ὐπαντύμενος
751 3580 864 3663 αὐτοῖς
871 3582 1113 3653 πυνθάνεσθαί
1122 3611 1158 3651 τε
1172 3585 1261 3650 ἐπει-

308 3691 389 3777 ροῖτο
409 3684 467 3766 τάς
488 3694 594 3767 αίτίας
613 3691 670 3776 τῆς
689 3681 807 3775 ὁρμῆς,
828 3696 964 3756 πείθειν
982 3714 1018 3755 τε
1037 3690 1199 3774 ἐπεχείρει
1217 3680 1263 3771 μῆ

309 3792 511 3876 ἐνθουσιᾶν,
531 3797 643 3880 μένων
661 3791 716 3858 καὶ
739 3788 813 3860 τότε
840 3793 876 3861 ἐν
896 3788 1050 3884 σώφρονι
1075 3789 1135 3858 καὶ
1159 3791 1278 3879 σερυέρ
