3134 4367
709 418 861 479 TPITON
1213 418 1250 478 91

298 588 425 677 ψυχήν,
442 586 505 659 οὐκ
519 589 684 680 ἐταράχθη
699 590 736 659 δέ
749 587 811 678 τήν
827 588 982 679 γνω’μηυ,
997 586 1071 660 ἀλλ’
1093 586 1150 660 άτε
1166 586 1252 679 ἀνήρ

297 689 359 763 ούκ
373 695 435 776 ἔξω
457 699 594 782 φρενῶν
607 692 778 775 καθεστώς
794 695 863 779 (καί
877 690 941 781 γάρ
955 682 998 782 ήν
1011 699 1056 784 τῷ
1076 697 1166 782 γένει
1180 692 1254 763 Σύ-

298 825 372 886 ρος,
395 795 589 885 δριμύτεροι
611 793 643 865 δ’
664 792 709 877 ὦς
729 794 813 885 πρὸς
833 795 891 878 τάς
910 798 1041 877 ἐννοίας
1061 802 1096 866 οί
1110 793 1175 867 ὑπὸ
1191 796 1254 887 τήν

298 896 464 986 ἀνατολήν
485 895 675 988 ἅνθρωποι)
695 897 754 967 τὸν
771 898 886 988 θυμὸν
908 894 999 988 ὅρων
1027 901 1255 970 ἐνθουσιῶντα

271 1035 283 1075 ε
298 1009 357 1073 τού
372 1001 568 1083 κελεύοντος
585 1004 641 1071 καί
655 1000 716 1090 τήν
731 1004 887 1085 ἐξουσίαν
901 1000 998 1083 είδοδς
1012 997 1075 1070 ούκ
1090 998 1254 1089 ἀντεῖπεν,
1362 1045 1365 1052 -

298 1102 342 1186 άς
355 1101 400 1194 μὴ
416 1102 498 1192 παρ’
514 1101 600 1175 αύτά
614 1112 808 1193 κολασθείη,
824 1104 1132 1195 προσποιησάμενος
1147 1105 1184 1174 δὲ
1198 1103 1254 1174 εύ-

297 1224 395 1279 κταία
410 1210 466 1277 καί
482 1205 632 1277 άσπαστά
650 1204 804 1295 ἀκούειν,
819 1209 1053 1297 προσκυνήσας
1072 1236 1107 1277 τε
1128 1204 1172 1289 ὡς
1192 1204 1257 1296 ήδη

298 1312 454 1401 βασιλέα,
468 1326 692 1400 γραμματείου
704 1306 805 1401 ήτησε
818 1317 879 1380 τοῦ
893 1311 1001 1400 φόνου
1011 1313 1117 1401 φέρον
1130 1309 1187 1393 τάς
1201 1314 1258 1381 ἐν·

299 1410 406 1495 τολάς.
459 1422 539 1495 ἔθος
552 1412 616 1504 γάρ
630 1421 727 1484 τοῦτο
748 1414 968 1504 τυραννικόν,
990 1425 1024 1485 εί
1040 1443 1114 1485 τινα
1134 1416 1289 1503 έκπέμ-9

263 1544 396 1604 ιοῑποιεν
424 1519 478 1587 ἐπὶ
501 1516 610 1607 φόνου
638 1512 793 1606 άκριτου,
830 1519 1042 1588 ἐντέλλεσθαι
1074 1525 1173 1588 τοῦτο
1201 1516 1257 1588 διά

300 1620 521 1711 γραμμάτων,
542 1625 597 1690 ἵνα
616 1618 661 1709 μή
682 1620 860 1707 γινόμενον
880 1610 902 1709 ᾖ
921 1616 1205 1709 ἀκατασήμαυτον.
1240 1618 1258 1691 ὁ

300 1725 338 1794 δὲ
354 1720 568 1804 Πλαυτιανὸς
584 1721 789 1812 τυφλωττων
805 1728 845 1812 τή
859 1725 1023 1815 ἐπιθυμίᾳ
1040 1729 1181 1793 δίδωσιν
1195 1721 1259 1793 αύ-

301 1831 347 1919 τῷ
361 1825 398 1895 τὸ
413 1841 652 1916 γραμματεῖον,
669 1828 725 1897 καὶ
740 1827 898 1914 ἐκπέμπει
912 1828 966 1896 ἐπὶ
980 1824 1039 1896 τδυ
1054 1827 1178 1916 φόνον,
1204 1830 1220 1897 ἐ
1241 1870 1260 1879 -

301 1930 509 2018 τειλάμενος,
524 1927 608 2017 ἐπήν
622 1927 832 2019 ἀμφοτέρους
847 1929 1071 2020 διαχρήσηται,
1091 1931 1171 2017 πρὶν
1185 1937 1261 2001 δια-

266 2057 287 2099 ιε
304 2032 428 2121 βάητον
441 2034 600 2120 γενέσθαι
614 2029 651 2101 τὸ
666 2032 818 2122 πραχθέν
831 2034 957 2121 πέμψαι
971 2032 1048 2115 τούς
1062 2036 1262 2115 καλέσοντας

301 2132 423 2224 αύτόν,
437 2141 494 2205 ’ίυα
507 2132 602 2226 ὀφθῇ
617 2135 779 2227 πρότερον
796 2138 833 2205 ἐν
847 2152 914 2219 τοῖς
928 2143 1107 2225 βασιλείοις
1121 2133 1143 2226 ή
1157 2134 1262 2207 ἀκου-

304 2246 372 2329 σθῇ
386 2237 449 2328 τήν
462 2244 637 2328 βασιλείαν
650 2236 863 2328 παραλαβών.

405 2344 461 2412 ἐπὶ
474 2341 608 2422 ταύταις
628 2341 670 2430 δή
684 2356 755 2422 ταῖς
767 2340 954 2431 συνθήκαις
974 2338 1130 2412 ἀνελθών
1143 2337 1161 2413 ὁ
1174 2353 1260 2430 χιλι-
1275 2354 1313 2416 12

305 2443 407 2534 άρχης
429 2451 565 2533 είσήλθε
591 2444 653 2533 μὲν
675 2442 731 2515 διά
758 2443 864 2533 πάσης
886 2450 945 2532 τής
963 2452 1135 2533 βασιλικῆς
1157 2449 1263 2525 οίκίας

268 2574 291 2617 κ
308 2546 392 2617 κατά
406 2545 442 2617 τὸ
464 2555 543 2629 έθος
558 2543 751 2627 ἀκωλύτως·
774 2546 872 2627 είδέις
892 2546 929 2616 δὲ
949 2544 1117 2616 ἀδύνατον
1139 2541 1178 2615 δν
1199 2546 1262 2616 δύο

306 2656 573 2740 διαχειρίσασθαι
588 2652 759 2740 βασιλέας,
774 2650 948 2718 καὶταῦτα
968 2651 1005 2717 ε’ν
1025 2647 1198 2736 διαφόροις
1212 2658 1264 2717 ολ-

306 2782 377 2835 κοις
390 2760 634 2843 διατρίβοντας,
649 2750 779 2832 ἐπιστὰς
792 2757 838 2844 τῷ
854 2757 1008 2844 δωματίῳ
1022 2758 1081 2821 τοῦ
1095 2750 1263 2839 Σεεήρου,

307 2859 447 2937 καλέσας
461 2855 538 2938 τούς
552 2863 613 2927 τού
627 2862 803 2945 βασιλικοῦ
819 2853 973 2943 θαλάμου
988 2854 1149 2943 φύλακας,
1165 2851 1265 2943 ήξίω-

307 2981 366 3030 σευ
382 2966 578 3050 εἰσαχθῆναι
592 2958 675 3050 πρδς
692 2953 797 3030 αύτὸν
812 2953 856 3039 οἱς
869 2955 912 3048 δή
925 2953 1009 3045 ὑπὲρ
1024 2966 1186 3048 σωτηρίας
1201 2954 1264 3028 αύ-

271 3086 294 3128 m
309 3071 354 3155 τῷ
368 3063 443 3153 τινά
458 3060 637 3153 ἀγγέλλων.
663 3071 698 3134 οἳ
709 3061 747 3133 δὲ
761 3061 968 3150 δηλώσαντες
982 3069 1028 3154 τῷ
1042 3061 1194 3154 Σεεήρω,
1209 3062 1296 3137 naza

308 3166 528 3248 κελεύσαντος
549 3162 671 3254 αὐτοῦ,
689 3164 748 3235 τὸν
768 3172 939 3254 χιλίαρχον
960 3164 1147 3254 είσήγαγου.
1187 3160 1207 3234 δ
1227 3159 1265 3237 δὲ

310 3266 578 3359 είσελθιιν“ήκω
593 3265 661 3338 σοι”
678 3276 753 3358 ἔφη,
763 3258 814 3337 “ιά
829 3271 988 3356 δέσποτα,
1010 3265 1054 3350 ὦς
1074 3268 1137 3358 μὲν
1150 3263 1168 3338 ὁ
1182 3269 1266 3357 πέμ-

309 3387 375 3456 ψας
391 3382 511 3461 οίεται,
527 3370 652 3461 φονεύς
665 3375 721 3441 καὶ
740 3371 870 3460 δήμιος,
887 3368 931 3452 ως
951 3368 985 3440 δ’
1006 3368 1107 3453 αὐτὸς
1129 3367 1270 3459 εύχομαί

310 3477 417 3546 τεκαὶ
431 3475 610 3566 βούλομαι,
626 3475 735 3564 σωτήρ
749 3502 785 3544 τε
805 3477 861 3543 καὶ
875 3471 1059 3563 εύεργέτης.
1093 3482 1266 3543 Πλαυτια-

273 3606 297 3648 ιο
312 3576 371 3659 νὸς
385 3576 449 3669 γάρ
468 3576 698 3667 ἐπιβουλεύων
719 3585 759 3668 τῇ
779 3574 863 3667 ἀρχῇ
883 3577 1067 3647 ἐνετείλατό
1083 3605 1140 3666 μοι
1159 3574 1267 3662 φόνου

312 3680 375 3751 σόν
392 3710 427 3751 τε
448 3684 585 3751 καὶτοῦ
606 3679 740 3767 παιδός,
760 3682 818 3750 καί
839 3687 939 3749 τοῦτο
958 3676 1000 3750 ού
1027 3680 1138 3766 λόγοις
1163 3674 1268 3764 μόνον

314 3781 400 3854 ἀλλὰ
420 3786 477 3854 καὶ
504 3784 686 3875 γράμμασι·
713 3783 769 3853 καί
796 3798 961 3879 μαρτυρεῖ
986 3780 1025 3854 τὶι
1044 3791 1294 3871 γραμματελον.
