3134 4367
670 408 896 471 AEYTEPON
1219 411 1260 472 47

299 580 582 672 καταστήσαντες,
598 577 642 664 ῶς
655 579 885 673 ἀμόνοιντοεί
903 586 949 677 τῶ
969 589 1070 672 τείχει
1089 584 1258 675 προσβάλ-

298 696 349 757 λοι
366 682 384 756 ὃ
402 691 517 776 δῆμος.

400 792 495 869 τέλος
508 788 570 878 μέν
584 785 626 878 δή
646 794 778 858 τοιοῦτο
797 793 959 878 κατέλαβε
978 786 1038 858 τόν
1056 797 1258 880 Περτίνακα,

297 892 510 983 χρησάμενον
519 899 583 985 βίῳ
594 894 650 961 καί
658 896 849 983 προαιρέσει
858 888 908 973 οἷς
918 900 1125 985 προείρηται·
1141 891 1256 983 ἐπειδή
1272 903 1292 963 δ

271 1020 283 1059 ε
298 996 334 1065 δὲ
349 1001 568 1085 διεφοίτησεν
581 997 614 1075 ἐς
626 994 686 1066 τόν
700 992 841 1086 δήμονή
860 1002 920 1065 τοῦ
940 999 1103 1086 βασιλέως
1123 993 1257 1086 ἀναίρε·

296 1120 362 1184 σις,
376 1099 507 1189 ταραχή
519 1126 556 1168 τε
569 1101 626 1167 καί
640 1102 766 1181 πένθος
779 1100 905 1181 πάντας
918 1117 1059 1190 κατεῖχε,
1074 1098 1210 1169 διέθεόν
1223 1127 1259 1169 τε

296 1205 525 1272 ἐνθουσιῶσιν
539 1202 698 1289 ἐοικότες,
719 1210 849 1292 κίνησίς
862 1232 898 1273 τε
912 1201 1031 1292 ἀλογος
1051 1220 1181 1290 κατεῖχε
1200 1200 1260 1271 τόν

296 1311 423 1394 δῆμον,
446 1305 635 1394 ζητούντων
655 1305 733 1388 τοδς
753 1307 956 1397 δράσαντας,
977 1308 1058 1397 μήτε
1080 1308 1118 1377 δέ
1145 1302 1259 1397 εόρεῑν

294 1409 377 1498 μήτε
406 1407 602 1499 ἀμύνασθαι
637 1413 849 1501 δυναμένων.
907 1410 1049 1499 μάλιστά
1074 1439 1110 1480 τε
1138 1414 1291 1490 δεινῶςθ

259 1538 280 1580 ιο
297 1519 422 1604 ἔφερον
442 1510 479 1582 τό
500 1516 735 1602 πεπραγμένον
754 1516 811 1582 καὶ
832 1512 1011 1604 συμφοράν
1037 1511 1155 1605 κοινήν
1182 1513 1256 1604 έτή-

295 1644 381 1706 ρονν
395 1621 431 1685 οί
446 1613 508 1705 τήν
528 1617 717 1705 σύγκλητον
734 1615 864 1706 βουλήν
884 1620 1056 1706 νέμοντες,
1078 1620 1203 1706 πατέρα
1221 1644 1258 1687 τε

293 1717 399 1810 ήπιον
412 1721 469 1788 καλ
482 1716 625 1810 χρηστόν
639 1720 829 1809 προστάτην
842 1718 1077 1808 ἀποβαλόντες.
1105 1720 1208 1789 πάλιν
1221 1747 1256 1789 τε

294 1828 498 1912 τυραννίδος
511 1816 555 1913 ήν
575 1825 665 1910 δέος,
687 1826 760 1893 ἐπεὶ
779 1823 887 1916 τούτῳ
907 1830 1038 1914 χαίρειν
1056 1821 1134 1904 τούς
1154 1843 1254 1912 στρα-

260 1941 266 1953 ’
293 1926 414 2005 τιῶτας
434 1923 581 2015 ἤλπιζον.
634 1931 711 2015 μιάς
734 1931 774 1997 δέ
789 1953 855 1997 που
874 1928 931 1996 καὶ
954 1929 1111 2016 δευτέρας
1131 1922 1287 2017 ήμέρας3

256 2062 277 2103 ιε
295 2029 547 2119 διαδραμούσης
559 2034 594 2099 οί
608 2030 670 2120 μὲν
684 2032 825 2120 δημόται
846 2034 982 2111 ἕκαστος
995 2029 1032 2101 τό
1045 2028 1128 2100 καθ’
1151 2025 1255 2100 αὑτὸν

293 2130 416 2213 δεδιῶς
436 2129 664 2224 ὑπανεχῶρει,
685 2139 771 2204 οἵτε
792 2137 829 2203 ἐν
848 2131 1025 2218 ἀξιῶσεσιν
1046 2132 1139 2215 όντες
1159 2137 1193 2215 ἐς
1214 2131 1254 2202 τά

292 2236 498 2327 πορρωτάτω
512 2244 570 2327 τής
583 2237 710 2317 πόλεως
724 2234 972 2328 ἀπεδίδρασκον
982 2237 1139 2327 κτήματα,
1155 2232 1199 2317 ῶς
1212 2232 1255 2306 ἀν

292 2341 337 2429 μή
350 2367 383 2408 τι
399 2338 515 2410 δεινόν
529 2344 566 2410 ἐκ
580 2347 636 2430 τής
650 2343 808 2429 ἐσομένης
818 2338 918 2431 ἀρχῆς
927 2340 1089 2432 παρόντες
1097 2342 1252 2412 πάθοιεν·

292 2448 327 2513 οί
338 2444 375 2513 δὲ
385 2450 584 2533 στρατιῶται
599 2446 671 2515 ἐπεὶ
684 2443 743 2513 τόν
756 2472 792 2514 τε
807 2450 914 2533 δῆμον
926 2441 1131 2535 ἡσυχάζοντα
1144 2451 1250 2532 ἔγνω·
1266 2455 1285 2509 4
1323 2532 1326 2539 =

251 2578 277 2618 ιο
293 2568 358 2617 σαν
370 2546 453 2637 μήτε
466 2546 543 2617 τινά
554 2553 728 2638 τολμῶντα
742 2550 937 2630 ἐπεξελθεῖν
949 2554 996 2641 τῶ
1009 2554 1070 2616 τοῦ
1090 2548 1254 2633 βασιλέως

292 2656 423 2740 αἵματι,
439 2657 559 2740 ἔμενον
572 2651 636 2741 μὲν
650 2647 743 2729 ἐντός
756 2655 817 2719 τοῦ
836 2658 965 2736 τείχους
978 2658 1255 2727 κατακλείσαντες

292 2754 448 2841 ἑαυτούς,
464 2752 689 2843 ἀναγαγόντες
706 2753 744 2822 δὲ
763 2750 842 2832 τοδς
856 2748 1111 2840 εόφωνοτάτους
1125 2755 1255 2822 ἑαυτῶν

292 2860 346 2927 ἐπὶ
360 2855 398 2927 τό
411 2875 519 2947 τεῖχος
532 2857 782 2948 προεκήρυττον
804 2852 907 2928 ῶνιον
920 2852 983 2945 τήν
995 2863 1186 2945 βασιλείαν,
1207 2860 1254 2948 τῷ

291 2988 327 3029 τε
347 2964 451 3031 πλέον
477 2958 641 3052 ἀργύριον
667 2960 810 3032 δώσοντι
832 2962 1009 3050 ἐγχειριεῖν
1027 2954 1253 3050 ὑπισχνοῦντο

250 3101 276 3143 25
292 3062 355 3154 τήν
368 3062 476 3156 ἀρχήν
489 3068 546 3134 καὶ
568 3065 624 3135 διὰ
643 3072 712 3136 τῶν
733 3060 847 3134 ὅπλων
866 3059 970 3134 αὐτόν
989 3060 1125 3147 ἀνάξειν
1145 3060 1253 3145 ἀδεῶς

291 3171 324 3248 ές
343 3166 407 3258 τήν
426 3176 599 3257 βασίλειον
619 3167 738 3259 αὐλήν.
793 3170 865 3237 ἐπεὶ
886 3167 923 3238 δέ
948 3166 986 3238 τὸ
1005 3169 1160 3258 κήρυγμα
1181 3172 1283 3238 διε-5

290 3279 471 3361 φοίτησεν,
497 3278 533 3341 οί
555 3271 617 3362 μὲν
636 3272 833 3362 σεμνότεροί
850 3299 887 3340 τε
913 3273 969 3340 καί
996 3268 1254 3362 εὐσταθέστεροι

288 3380 347 3465 τής
360 3375 551 3465 συγκλήτου
559 3382 695 3467 βουλῆς,
702 3372 773 3445 ὅσοι
788 3403 824 3444 τε
838 3371 1035 3463 εὐπατρίδαι
1048 3368 1070 3464 ή
1084 3381 1132 3444 ἔτι
1146 3375 1251 3445 πλού-

288 3499 375 3566 σιοι,
390 3487 535 3565 λείψανα
548 3476 646 3566 ὃλίγα
664 3485 722 3569 τής
734 3479 918 3568 Κομμόδου
937 3485 1155 3567 τυραννίδος,
1174 3476 1252 3548 οὔτε

248 3618 273 3661 ω
291 3589 490 3674 προσῆλθον
510 3588 558 3676 τῷ
576 3589 677 3671 τείχει
697 3579 774 3652 οὔτε
795 3579 929 3672 ἀπρεπῆ
948 3583 1004 3650 καὶ
1024 3585 1253 3652 ἐπονείδιστον

288 3686 434 3778 χρήμασι
447 3686 635 3777 κτήσασθαι
648 3683 711 3777 τήν
731 3682 837 3776 ἀρχήν
858 3682 1044 3775 ήθέλησαν·
1082 3683 1251 3774 Ἰουλιανῷ
1265 3700 1282 3756 6

258 3815 271 3826 ··
290 3794 331 3860 δέ
346 3802 433 3879 τινι,
454 3788 519 3881 ήδη
537 3791 600 3881 μὲν
617 3786 680 3880 τήν
698 3785 828 3860 ὕπατον
849 3779 1038 3862 ’τετελεκότι
1058 3784 1164 3879 ἀρχήν
1177 3790 1259 3872 ,δο-
