<?xml version="1.0" encoding="UTF-8"?>
<!DOCTYPE html PUBLIC "-//W3C//DTD XHTML 1.0 Transitional//EN"
    "http://www.w3.org/TR/xhtml1/DTD/xhtml1-transitional.dtd">
<html xmlns="http://www.w3.org/1999/xhtml" xml:lang="en" lang="en">
 <head>
  <title>
</title>
<meta http-equiv="Content-Type" content="text/html;charset=utf-8" />
  <meta name='ocr-system' content='tesseract 3.04.00' />
  <meta name='ocr-capabilities' content='ocr_page ocr_carea ocr_par ocr_line ocrx_word'/>
</head>
<body>
  <div class='ocr_page' id='page_1' title='image "./herodianiabexce00herogoog_0075.png"; bbox 0 0 3134 4367; ppageno 0'>
   <div class='ocr_carea' id='block_1_1' title="bbox 675 429 1265 494">
    <p class='ocr_par' dir='ltr' id='par_1_1' title="bbox 675 429 1265 494">
     <span class='ocr_line' id='line_1_1' title="bbox 675 429 1265 494; baseline 0.014 -8"><span class='ocrx_word' id='word_1_1' title='bbox 675 429 903 490; x_wconf 81' lang='lat' dir='ltr'><em>AEYTEPON</em></span> <span class='ocrx_word' id='word_1_2' title='bbox 1225 432 1265 494; x_wconf 80' lang='lat'><strong><em>65</em></strong></span> 
     </span>
    </p>
   </div>
   <div class='ocr_carea' id='block_1_2' title="bbox 262 596 1359 4000">
    <p class='ocr_par' dir='ltr' id='par_1_2' title="bbox 305 596 1315 1004">
     <span class='ocr_line' id='line_1_2' title="bbox 308 596 1263 692; baseline 0.007 -23"><span class='ocrx_word' id='word_1_3' title='bbox 308 605 403 687; x_wconf 99' lang='grc' dir='ltr'><strong><em>ρίαν,</em></strong></span> <span class='ocrx_word' id='word_1_4' title='bbox 418 605 665 689; x_wconf 85' lang='grc' dir='ltr'><strong><em>μετεγίνωσκον</em></strong></span> <span class='ocrx_word' id='word_1_5' title='bbox 685 597 723 668; x_wconf 74' lang='grc' dir='ltr'><strong><em>δὲ</em></strong></span> <span class='ocrx_word' id='word_1_6' title='bbox 744 600 799 668; x_wconf 78' lang='grc' dir='ltr'><strong><em>ἐπὶ</em></strong></span> <span class='ocrx_word' id='word_1_7' title='bbox 811 604 858 691; x_wconf 73' lang='grc' dir='ltr'><strong><em>τῷ</em></strong></span> <span class='ocrx_word' id='word_1_8' title='bbox 878 596 1043 684; x_wconf 77' lang='grc' dir='ltr'><strong><em>ἀνόπλους</em></strong></span> <span class='ocrx_word' id='word_1_9' title='bbox 1061 606 1192 692; x_wconf 78' lang='grc' dir='ltr'><strong><em>ἐλθεῖν,</em></strong></span> <span class='ocrx_word' id='word_1_10' title='bbox 1211 611 1263 676; x_wconf 85' lang='grc' dir='ltr'><strong><em>αί·</em></strong></span> 
     </span>
     <span class='ocr_line' id='line_1_3' title="bbox 307 701 1315 796; baseline 0.012 -25"><span class='ocrx_word' id='word_1_11' title='bbox 307 710 416 791; x_wconf 80' lang='grc' dir='ltr'><strong><em>σχρώς</em></strong></span> <span class='ocrx_word' id='word_1_12' title='bbox 434 704 492 773; x_wconf 83' lang='grc' dir='ltr'><strong><em>καλ</em></strong></span> <span class='ocrx_word' id='word_1_13' title='bbox 512 705 722 790; x_wconf 75' lang='grc' dir='ltr'><strong><em>ἐφυβρίστως</em></strong></span> <span class='ocrx_word' id='word_1_14' title='bbox 742 701 932 786; x_wconf 82' lang='grc' dir='ltr'><strong><em>έαλωκότες.</em></strong></span> <span class='ocrx_word' id='word_1_15' title='bbox 976 707 1129 796; x_wconf 73' lang='grc' dir='ltr'><strong><em>ἐκέχρητο</em></strong></span> <span class='ocrx_word' id='word_1_16' title='bbox 1150 708 1189 778; x_wconf 75' lang='grc' dir='ltr'><strong><em>δὲ</em></strong></span> <span class='ocrx_word' id='word_1_17' title='bbox 1207 710 1264 779; x_wconf 83' lang='grc' dir='ltr'><strong><em>καλ</em></strong></span> <span class='ocrx_word' id='word_1_18' title='bbox 1280 730 1315 783; x_wconf 81' lang='lat'><strong><em>12</em></strong></span> 
     </span>
     <span class='ocr_line' id='line_1_4' title="bbox 306 801 1262 899; baseline 0.007 -24"><span class='ocrx_word' id='word_1_19' title='bbox 306 801 398 898; x_wconf 81' lang='grc' dir='ltr'><strong><em>ἀλλφ</em></strong></span> <span class='ocrx_word' id='word_1_20' title='bbox 412 802 431 875; x_wconf 85' lang='grc' dir='ltr'>ὁ</span> <span class='ocrx_word' id='word_1_21' title='bbox 444 813 595 894; x_wconf 72' lang='grc' dir='ltr'><strong><em>Σωτῆρος</em></strong></span> <span class='ocrx_word' id='word_1_22' title='bbox 607 812 801 893; x_wconf 81' lang='grc' dir='ltr'><strong><em>σοφίσματι·</em></strong></span> <span class='ocrx_word' id='word_1_23' title='bbox 817 804 938 889; x_wconf 86' lang='grc' dir='ltr'><strong><em>δεδιώς</em></strong></span> <span class='ocrx_word' id='word_1_24' title='bbox 951 804 1018 898; x_wconf 91' lang='grc' dir='ltr'><strong><em>γάρ</em></strong></span> <span class='ocrx_word' id='word_1_25' title='bbox 1031 806 1076 897; x_wconf 74' lang='grc' dir='ltr'><strong><em>μὴ</em></strong></span> <span class='ocrx_word' id='word_1_26' title='bbox 1097 806 1161 899; x_wconf 89' lang='grc' dir='ltr'><strong><em>ἀρα</em></strong></span> <span class='ocrx_word' id='word_1_27' title='bbox 1179 810 1262 899; x_wconf 80' lang='grc' dir='ltr'><strong><em>μετὰ</em></strong></span> 
     </span>
     <span class='ocr_line' id='line_1_5' title="bbox 305 904 1262 1004; baseline 0.006 -24"><span class='ocrx_word' id='word_1_28' title='bbox 305 908 342 980; x_wconf 89' lang='grc' dir='ltr'><strong><em>τὸ</em></strong></span> <span class='ocrx_word' id='word_1_29' title='bbox 361 905 599 999; x_wconf 76' lang='grc' dir='ltr'><strong><em>ἀποζωσθῆυαι</em></strong></span> <span class='ocrx_word' id='word_1_30' title='bbox 612 910 649 977; x_wconf 84' lang='grc' dir='ltr'><strong><em>ἐν</em></strong></span> <span class='ocrx_word' id='word_1_31' title='bbox 668 904 857 997; x_wconf 73' lang='grc' dir='ltr'><strong><em>ἀπογνώσει</em></strong></span> <span class='ocrx_word' id='word_1_32' title='bbox 876 910 1051 999; x_wconf 90' lang='grc' dir='ltr'><strong><em>γευόμενοι</em></strong></span> <span class='ocrx_word' id='word_1_33' title='bbox 1064 908 1262 1004; x_wconf 85' lang='grc' dir='ltr'><strong><em>ἀναδράμω-</em></strong></span> 
     </span>
    </p>

    <p class='ocr_par' dir='ltr' id='par_1_3' title="bbox 268 1007 1262 1514">
     <span class='ocr_line' id='line_1_6' title="bbox 268 1007 1262 1103; baseline 0.002 -19"><span class='ocrx_word' id='word_1_34' title='bbox 268 1052 293 1093; x_wconf 65' lang='grc' dir='ltr'><strong><em>,ς</em></strong></span> <span class='ocrx_word' id='word_1_35' title='bbox 305 1035 361 1084; x_wconf 91' lang='grc' dir='ltr'><strong><em>σιν</em></strong></span> <span class='ocrx_word' id='word_1_36' title='bbox 373 1014 429 1082; x_wconf 82' lang='grc' dir='ltr'><strong><em>έπλ</em></strong></span> <span class='ocrx_word' id='word_1_37' title='bbox 443 1010 481 1082; x_wconf 84' lang='grc' dir='ltr'><strong><em>τὸ</em></strong></span> <span class='ocrx_word' id='word_1_38' title='bbox 494 1011 719 1100; x_wconf 87' lang='grc' dir='ltr'><strong><em>στρατόπεδον</em></strong></span> <span class='ocrx_word' id='word_1_39' title='bbox 727 1014 784 1082; x_wconf 80' lang='grc' dir='ltr'><strong><em>καί</em></strong></span> <span class='ocrx_word' id='word_1_40' title='bbox 798 1009 839 1082; x_wconf 85' lang='grc' dir='ltr'><strong><em>τά</em></strong></span> <span class='ocrx_word' id='word_1_41' title='bbox 848 1007 934 1083; x_wconf 79' lang='grc' dir='ltr'><strong><em>ὅπλα</em></strong></span> <span class='ocrx_word' id='word_1_42' title='bbox 944 1010 1145 1103; x_wconf 85' lang='grc' dir='ltr'><strong><em>ἀναλάβωσι,</em></strong></span> <span class='ocrx_word' id='word_1_43' title='bbox 1155 1016 1262 1103; x_wconf 89' lang='grc' dir='ltr'><strong><em>πρού-</em></strong></span> 
     </span>
     <span class='ocr_line' id='line_1_7' title="bbox 303 1110 1262 1206; baseline 0.003 -21"><span class='ocrx_word' id='word_1_44' title='bbox 303 1129 415 1202; x_wconf 80' lang='grc' dir='ltr'><strong><em>πεμψε</em></strong></span> <span class='ocrx_word' id='word_1_45' title='bbox 428 1114 572 1203; x_wconf 75' lang='grc' dir='ltr'><strong><em>λογάδας</em></strong></span> <span class='ocrx_word' id='word_1_46' title='bbox 585 1116 788 1203; x_wconf 78' lang='grc' dir='ltr'><strong><em>ἐπιλέκτους,</em></strong></span> <span class='ocrx_word' id='word_1_47' title='bbox 797 1110 898 1197; x_wconf 80' lang='grc' dir='ltr'><strong><em>ὅσους</em></strong></span> <span class='ocrx_word' id='word_1_48' title='bbox 912 1117 1167 1204; x_wconf 75' lang='grc' dir='ltr'><strong><em>γενναιοτάτους</em></strong></span> <span class='ocrx_word' id='word_1_49' title='bbox 1182 1114 1262 1206; x_wconf 81' lang='grc' dir='ltr'><strong><em>ἠπί-</em></strong></span> 
     </span>
     <span class='ocr_line' id='line_1_8' title="bbox 304 1214 1262 1310; baseline 0.005 -23"><span class='ocrx_word' id='word_1_50' title='bbox 304 1240 423 1305; x_wconf 86' lang='grc' dir='ltr'><strong><em>στατο,</em></strong></span> <span class='ocrx_word' id='word_1_51' title='bbox 446 1216 493 1288; x_wconf 93' lang='grc' dir='ltr'><strong><em>δι’</em></strong></span> <span class='ocrx_word' id='word_1_52' title='bbox 511 1220 634 1307; x_wconf 83' lang='grc' dir='ltr'><strong><em>ἑτέρων</em></strong></span> <span class='ocrx_word' id='word_1_53' title='bbox 653 1214 744 1288; x_wconf 79' lang='grc' dir='ltr'><strong><em>ὁδῶν</em></strong></span> <span class='ocrx_word' id='word_1_54' title='bbox 765 1219 823 1287; x_wconf 81' lang='grc' dir='ltr'><strong><em>καλ</em></strong></span> <span class='ocrx_word' id='word_1_55' title='bbox 845 1214 1019 1310; x_wconf 72' lang='grc' dir='ltr'><strong><em>ἀτραπῶν,</em></strong></span> <span class='ocrx_word' id='word_1_56' title='bbox 1035 1216 1080 1302; x_wconf 85' lang='grc' dir='ltr'><strong><em>ώς</em></strong></span> <span class='ocrx_word' id='word_1_57' title='bbox 1099 1220 1262 1303; x_wconf 89' lang='grc' dir='ltr'><strong><em>λαθόντες</em></strong></span> 
     </span>
     <span class='ocr_line' id='line_1_9' title="bbox 303 1318 1262 1414; baseline 0.005 -24"><span class='ocrx_word' id='word_1_58' title='bbox 303 1322 341 1391; x_wconf 94' lang='grc' dir='ltr'><strong><em>τό</em></strong></span> <span class='ocrx_word' id='word_1_59' title='bbox 360 1348 398 1391; x_wconf 86' lang='grc' dir='ltr'><strong><em>τε</em></strong></span> <span class='ocrx_word' id='word_1_60' title='bbox 412 1320 639 1411; x_wconf 86' lang='grc' dir='ltr'><strong><em>στρατόπεδον</em></strong></span> <span class='ocrx_word' id='word_1_61' title='bbox 659 1323 889 1391; x_wconf 84' lang='grc' dir='ltr'><strong><em>έπεισέλθοιεν</em></strong></span> <span class='ocrx_word' id='word_1_62' title='bbox 909 1318 1045 1414; x_wconf 78' lang='grc' dir='ltr'><strong><em>ἀνδρῶν</em></strong></span> <span class='ocrx_word' id='word_1_63' title='bbox 1065 1324 1184 1413; x_wconf 87' lang='grc' dir='ltr'><strong><em>κενόν,</em></strong></span> <span class='ocrx_word' id='word_1_64' title='bbox 1205 1327 1262 1394; x_wconf 77' lang='grc' dir='ltr'><strong><em>καὶ</em></strong></span> 
     </span>
     <span class='ocr_line' id='line_1_10' title="bbox 303 1419 1262 1514; baseline 0.005 -21"><span class='ocrx_word' id='word_1_65' title='bbox 303 1422 344 1494; x_wconf 81' lang='grc' dir='ltr'><strong><em>τά</em></strong></span> <span class='ocrx_word' id='word_1_66' title='bbox 376 1419 465 1493; x_wconf 81' lang='grc' dir='ltr'><strong><em>ὅπλα</em></strong></span> <span class='ocrx_word' id='word_1_67' title='bbox 495 1422 754 1512; x_wconf 85' lang='grc' dir='ltr'><strong><em>καταλαβόντες,</em></strong></span> <span class='ocrx_word' id='word_1_68' title='bbox 790 1430 822 1493; x_wconf 90' lang='grc' dir='ltr'><strong><em>εί</em></strong></span> <span class='ocrx_word' id='word_1_69' title='bbox 850 1427 996 1514; x_wconf 77' lang='grc' dir='ltr'><strong><em>ἐπίοιεν,</em></strong></span> <span class='ocrx_word' id='word_1_70' title='bbox 1026 1422 1262 1500; x_wconf 86' lang='grc' dir='ltr'><strong><em>ἀποκλείσαιεν</em></strong></span> 
     </span>
    </p>

    <p class='ocr_par' dir='ltr' id='par_1_4' title="bbox 262 1524 440 1607">
     <span class='ocr_line' id='line_1_11' title="bbox 262 1524 440 1607; baseline -0.006 -10"><span class='ocrx_word' id='word_1_71' title='bbox 262 1564 287 1605; x_wconf 75' lang='lat'><strong><em>10</em></strong></span> <span class='ocrx_word' id='word_1_72' title='bbox 304 1524 440 1607; x_wconf 87' lang='grc' dir='ltr'><strong><em>αύτούς.</em></strong></span> 
     </span>
    </p>

    <p class='ocr_par' dir='ltr' id='par_1_5' title="bbox 264 1626 1359 4000">
     <span class='ocr_line' id='line_1_12' title="bbox 408 1626 1260 1722; baseline 0.005 -23"><span class='ocrx_word' id='word_1_73' title='bbox 408 1635 506 1718; x_wconf 88' lang='grc' dir='ltr'><strong><em>δίκην</em></strong></span> <span class='ocrx_word' id='word_1_74' title='bbox 518 1628 580 1717; x_wconf 71' lang='grc' dir='ltr'><strong><em>μὲν</em></strong></span> <span class='ocrx_word' id='word_1_75' title='bbox 594 1626 636 1718; x_wconf 80' lang='grc' dir='ltr'><strong><em>δὴ</em></strong></span> <span class='ocrx_word' id='word_1_76' title='bbox 649 1627 774 1716; x_wconf 88' lang='grc' dir='ltr'><strong><em>ταύτην</em></strong></span> <span class='ocrx_word' id='word_1_77' title='bbox 793 1633 916 1699; x_wconf 81' lang='grc' dir='ltr'><strong><em>ἔδοσαν</em></strong></span> <span class='ocrx_word' id='word_1_78' title='bbox 935 1636 971 1700; x_wconf 87' lang='grc' dir='ltr'><strong><em>οί</em></strong></span> <span class='ocrx_word' id='word_1_79' title='bbox 980 1638 1041 1702; x_wconf 83' lang='grc' dir='ltr'><strong><em>τοῦ</em></strong></span> <span class='ocrx_word' id='word_1_80' title='bbox 1053 1638 1260 1722; x_wconf 88' lang='grc' dir='ltr'><strong><em>Περτίνακος</em></strong></span> 
     </span>
     <span class='ocr_line' id='line_1_13' title="bbox 303 1728 1310 1828; baseline -0.001 -25"><span class='ocrx_word' id='word_1_81' title='bbox 303 1748 434 1823; x_wconf 80' lang='grc' dir='ltr'><strong><em>φονεῖς·</em></strong></span> <span class='ocrx_word' id='word_1_82' title='bbox 460 1728 479 1803; x_wconf 86' lang='grc' dir='ltr'>ὁ</span> <span class='ocrx_word' id='word_1_83' title='bbox 499 1732 537 1801; x_wconf 74' lang='grc' dir='ltr'><strong><em>δὲ</em></strong></span> <span class='ocrx_word' id='word_1_84' title='bbox 555 1737 706 1821; x_wconf 77' lang='grc' dir='ltr'><strong><em>Σεσῆρος</em></strong></span> <span class='ocrx_word' id='word_1_85' title='bbox 725 1729 792 1801; x_wconf 80' lang='grc' dir='ltr'><strong><em>σὺν</em></strong></span> <span class='ocrx_word' id='word_1_86' title='bbox 812 1733 914 1802; x_wconf 78' lang='grc' dir='ltr'><strong><em>παντί</em></strong></span> <span class='ocrx_word' id='word_1_87' title='bbox 930 1739 983 1826; x_wconf 77' lang='grc' dir='ltr'><strong><em>τῷ</em></strong></span> <span class='ocrx_word' id='word_1_88' title='bbox 1003 1742 1108 1828; x_wconf 75' lang='grc' dir='ltr'><strong><em>λοιπῷ</em></strong></span> <span class='ocrx_word' id='word_1_89' title='bbox 1128 1742 1258 1828; x_wconf 77' lang='grc' dir='ltr'><strong><em>στρατῷ</em></strong></span> <span class='ocrx_word' id='word_1_90' title='bbox 1273 1741 1310 1802; x_wconf 82' lang='grc'><strong><em>14</em></strong></span> 
     </span>
     <span class='ocr_line' id='line_1_14' title="bbox 304 1829 1359 1927; baseline 0.001 -20"><span class='ocrx_word' id='word_1_91' title='bbox 304 1832 503 1927; x_wconf 73' lang='grc' dir='ltr'><strong><em>ὡπλισμένῳ</em></strong></span> <span class='ocrx_word' id='word_1_92' title='bbox 531 1837 564 1915; x_wconf 90' lang='grc' dir='ltr'><strong><em>ές</em></strong></span> <span class='ocrx_word' id='word_1_93' title='bbox 583 1833 645 1924; x_wconf 74' lang='grc' dir='ltr'><strong><em>τὴν</em></strong></span> <span class='ocrx_word' id='word_1_94' title='bbox 664 1829 791 1923; x_wconf 83' lang='grc' dir='ltr'><strong><em>Ῥώμην</em></strong></span> <span class='ocrx_word' id='word_1_95' title='bbox 816 1830 1025 1924; x_wconf 87' lang='grc' dir='ltr'><strong><em>ἀφικνεῖται,</em></strong></span> <span class='ocrx_word' id='word_1_96' title='bbox 1045 1839 1203 1926; x_wconf 82' lang='grc' dir='ltr'><strong><em>ἔκπληξίν</em></strong></span> <span class='ocrx_word' id='word_1_97' title='bbox 1224 1866 1260 1908; x_wconf 90' lang='grc' dir='ltr'><strong><em>τε</em></strong></span> <span class='ocrx_word' id='word_1_98' title='bbox 1355 1835 1359 1842; x_wconf 63' lang='grc'>’</span> 
     </span>
     <span class='ocr_line' id='line_1_15' title="bbox 303 1934 1260 2032; baseline 0.002 -23"><span class='ocrx_word' id='word_1_99' title='bbox 303 1942 360 2009; x_wconf 84' lang='grc' dir='ltr'><strong><em>καὶ</em></strong></span> <span class='ocrx_word' id='word_1_100' title='bbox 372 1942 449 2019; x_wconf 87' lang='grc' dir='ltr'><strong><em>δέος</em></strong></span> <span class='ocrx_word' id='word_1_101' title='bbox 461 1934 528 2026; x_wconf 85' lang='grc' dir='ltr'><strong><em>άμα</em></strong></span> <span class='ocrx_word' id='word_1_102' title='bbox 541 1944 587 2030; x_wconf 78' lang='grc' dir='ltr'><strong><em>τῷ</em></strong></span> <span class='ocrx_word' id='word_1_103' title='bbox 601 1934 753 2027; x_wconf 76' lang='grc' dir='ltr'><strong><em>ὀφθῆναι</em></strong></span> <span class='ocrx_word' id='word_1_104' title='bbox 772 1952 840 2019; x_wconf 85' lang='grc' dir='ltr'><strong><em>τοῖς</em></strong></span> <span class='ocrx_word' id='word_1_105' title='bbox 856 1934 1024 2027; x_wconf 89' lang='grc' dir='ltr'><strong><em>Ῥωμαίοις</em></strong></span> <span class='ocrx_word' id='word_1_106' title='bbox 1043 1942 1179 2032; x_wconf 81' lang='grc' dir='ltr'><strong><em>ἐνέβαλε</em></strong></span> <span class='ocrx_word' id='word_1_107' title='bbox 1191 1956 1260 2022; x_wconf 89' lang='grc' dir='ltr'><strong><em>τοῖς</em></strong></span> 
     </span>
     <span class='ocr_line' id='line_1_16' title="bbox 264 2037 1259 2133; baseline 0.002 -21"><span class='ocrx_word' id='word_1_108' title='bbox 264 2049 287 2113; x_wconf 72' lang='grc' dir='ltr'><strong><em>ιὲ</em></strong></span> <span class='ocrx_word' id='word_1_109' title='bbox 302 2039 391 2113; x_wconf 72' lang='grc' dir='ltr'><strong><em>οὕτω</em></strong></span> <span class='ocrx_word' id='word_1_110' title='bbox 407 2042 659 2130; x_wconf 80' lang='grc' dir='ltr'><strong><em>τετολμημένοις</em></strong></span> <span class='ocrx_word' id='word_1_111' title='bbox 675 2042 780 2111; x_wconf 79' lang='grc' dir='ltr'><strong><em>τεκαὶ</em></strong></span> <span class='ocrx_word' id='word_1_112' title='bbox 796 2037 1033 2131; x_wconf 82' lang='grc' dir='ltr'><strong><em>εύτυχηθεῖσιν</em></strong></span> <span class='ocrx_word' id='word_1_113' title='bbox 1046 2050 1165 2133; x_wconf 79' lang='grc' dir='ltr'><strong><em>ἔργοις.</em></strong></span> <span class='ocrx_word' id='word_1_114' title='bbox 1188 2039 1259 2114; x_wconf 74' lang='grc' dir='ltr'><strong><em>ὁδδ</em></strong></span> 
     </span>
     <span class='ocr_line' id='line_1_17' title="bbox 302 2140 1258 2236; baseline 0.001 -20"><span class='ocrx_word' id='word_1_115' title='bbox 302 2151 405 2235; x_wconf 81' lang='grc' dir='ltr'><strong><em>δῆμος</em></strong></span> <span class='ocrx_word' id='word_1_116' title='bbox 417 2145 475 2215; x_wconf 82' lang='grc' dir='ltr'><strong><em>καὶ</em></strong></span> <span class='ocrx_word' id='word_1_117' title='bbox 494 2140 515 2233; x_wconf 75' lang='grc' dir='ltr'><strong><em>ἡ</em></strong></span> <span class='ocrx_word' id='word_1_118' title='bbox 534 2142 717 2232; x_wconf 80' lang='grc' dir='ltr'><strong><em>σύγκλητος</em></strong></span> <span class='ocrx_word' id='word_1_119' title='bbox 735 2150 1036 2236; x_wconf 81' lang='grc' dir='ltr'><strong><em>δαφνηφοροῦντες</em></strong></span> <span class='ocrx_word' id='word_1_120' title='bbox 1056 2142 1258 2235; x_wconf 80' lang='grc' dir='ltr'><strong><em>ὑπεδέχοντο</em></strong></span> 
     </span>
     <span class='ocr_line' id='line_1_18' title="bbox 301 2243 1259 2338; baseline 0.002 -19"><span class='ocrx_word' id='word_1_121' title='bbox 301 2256 437 2338; x_wconf 76' lang='grc' dir='ltr'><strong><em>πρῶτον</em></strong></span> <span class='ocrx_word' id='word_1_122' title='bbox 463 2243 657 2334; x_wconf 88' lang='grc' dir='ltr'><strong><em>ἀνθρώπων</em></strong></span> <span class='ocrx_word' id='word_1_123' title='bbox 680 2249 737 2316; x_wconf 77' lang='grc' dir='ltr'><strong><em>καί</em></strong></span> <span class='ocrx_word' id='word_1_124' title='bbox 762 2250 929 2335; x_wconf 82' lang='grc' dir='ltr'><strong><em>βασιλέων</em></strong></span> <span class='ocrx_word' id='word_1_125' title='bbox 951 2246 1117 2338; x_wconf 87' lang='grc' dir='ltr'><strong><em>ἀναιμωτί</em></strong></span> <span class='ocrx_word' id='word_1_126' title='bbox 1143 2252 1259 2321; x_wconf 76' lang='grc' dir='ltr'><strong><em>τεκαὶ</em></strong></span> 
     </span>
     <span class='ocr_line' id='line_1_19' title="bbox 302 2348 1286 2444; baseline 0.005 -23"><span class='ocrx_word' id='word_1_127' title='bbox 302 2348 432 2422; x_wconf 83' lang='grc' dir='ltr'><strong><em>άτιονιτλ</em></strong></span> <span class='ocrx_word' id='word_1_128' title='bbox 451 2356 595 2422; x_wconf 81' lang='grc' dir='ltr'><strong><em>τοσαῦτα</em></strong></span> <span class='ocrx_word' id='word_1_129' title='bbox 612 2350 871 2438; x_wconf 88' lang='grc' dir='ltr'><strong><em>κατωρθωκότα.</em></strong></span> <span class='ocrx_word' id='word_1_130' title='bbox 899 2350 1007 2424; x_wconf 87' lang='grc' dir='ltr'><strong><em>πάντα</em></strong></span> <span class='ocrx_word' id='word_1_131' title='bbox 1026 2351 1089 2441; x_wconf 86' lang='grc' dir='ltr'><strong><em>γάρ</em></strong></span> <span class='ocrx_word' id='word_1_132' title='bbox 1108 2355 1147 2422; x_wconf 83' lang='grc' dir='ltr'><strong><em>έν</em></strong></span> <span class='ocrx_word' id='word_1_133' title='bbox 1166 2348 1286 2444; x_wconf 69' lang='grc' dir='ltr'><strong><em>αύτῷν</em></strong></span> 
     </span>
     <span class='ocr_line' id='line_1_20' title="bbox 302 2450 1257 2544; baseline -0.002 -19"><span class='ocrx_word' id='word_1_134' title='bbox 302 2455 517 2543; x_wconf 77' lang='grc' dir='ltr'><strong><em>ἐθαυμάζετο,</em></strong></span> <span class='ocrx_word' id='word_1_135' title='bbox 523 2452 665 2541; x_wconf 91' lang='grc' dir='ltr'><strong><em>μάλιστα</em></strong></span> <span class='ocrx_word' id='word_1_136' title='bbox 678 2454 716 2524; x_wconf 76' lang='grc' dir='ltr'><strong><em>δὲ</em></strong></span> <span class='ocrx_word' id='word_1_137' title='bbox 728 2451 765 2523; x_wconf 85' lang='grc' dir='ltr'><strong><em>τό</em></strong></span> <span class='ocrx_word' id='word_1_138' title='bbox 779 2450 941 2542; x_wconf 84' lang='grc' dir='ltr'><strong><em>ἀγχίνουν</em></strong></span> <span class='ocrx_word' id='word_1_139' title='bbox 953 2462 1011 2543; x_wconf 80' lang='grc' dir='ltr'><strong><em>τῆς</em></strong></span> <span class='ocrx_word' id='word_1_140' title='bbox 1023 2455 1157 2544; x_wconf 84' lang='grc' dir='ltr'><strong><em>γνώμης</em></strong></span> <span class='ocrx_word' id='word_1_141' title='bbox 1170 2455 1208 2524; x_wconf 94' lang='grc' dir='ltr'><strong><em>τό</em></strong></span> <span class='ocrx_word' id='word_1_142' title='bbox 1221 2482 1257 2524; x_wconf 89' lang='grc' dir='ltr'><strong><em>τε</em></strong></span> 
     </span>
     <span class='ocr_line' id='line_1_21' title="bbox 264 2553 1256 2648; baseline -0.003 -20"><span class='ocrx_word' id='word_1_143' title='bbox 264 2587 289 2629; x_wconf 81' lang='grc' dir='ltr'><strong><em>οι</em></strong></span> <span class='ocrx_word' id='word_1_144' title='bbox 303 2565 370 2628; x_wconf 79' lang='grc' dir='ltr'><strong><em>τών</em></strong></span> <span class='ocrx_word' id='word_1_145' title='bbox 384 2556 501 2628; x_wconf 91' lang='grc' dir='ltr'><strong><em>πόνων</em></strong></span> <span class='ocrx_word' id='word_1_146' title='bbox 518 2572 675 2644; x_wconf 87' lang='grc' dir='ltr'><strong><em>γενναῖον</em></strong></span> <span class='ocrx_word' id='word_1_147' title='bbox 688 2558 745 2626; x_wconf 83' lang='grc' dir='ltr'><strong><em>καλ</em></strong></span> <span class='ocrx_word' id='word_1_148' title='bbox 765 2553 803 2626; x_wconf 87' lang='grc' dir='ltr'><strong><em>τὸ</em></strong></span> <span class='ocrx_word' id='word_1_149' title='bbox 820 2561 853 2637; x_wconf 82' lang='grc' dir='ltr'><strong><em>ἐς</em></strong></span> <span class='ocrx_word' id='word_1_150' title='bbox 865 2554 907 2625; x_wconf 85' lang='grc' dir='ltr'><strong><em>τά</em></strong></span> <span class='ocrx_word' id='word_1_151' title='bbox 922 2557 1117 2645; x_wconf 75' lang='grc' dir='ltr'><strong><em>τολμώμενα</em></strong></span> <span class='ocrx_word' id='word_1_152' title='bbox 1130 2553 1197 2644; x_wconf 78' lang='grc' dir='ltr'><strong><em>ἅμα</em></strong></span> <span class='ocrx_word' id='word_1_153' title='bbox 1209 2562 1256 2648; x_wconf 73' lang='grc' dir='ltr'><strong><em>τῷ</em></strong></span> 
     </span>
     <span class='ocr_line' id='line_1_22' title="bbox 301 2654 1257 2753; baseline -0.002 -23"><span class='ocrx_word' id='word_1_154' title='bbox 301 2662 479 2753; x_wconf 72' lang='grc' dir='ltr'><strong><em>θαρραλέῳ</em></strong></span> <span class='ocrx_word' id='word_1_155' title='bbox 495 2657 620 2729; x_wconf 80' lang='grc' dir='ltr'><strong><em>εὔελπι.</em></strong></span> <span class='ocrx_word' id='word_1_156' title='bbox 641 2661 713 2728; x_wconf 81' lang='grc' dir='ltr'><strong><em>ἐπεὶ</em></strong></span> <span class='ocrx_word' id='word_1_157' title='bbox 726 2665 843 2730; x_wconf 86' lang='grc' dir='ltr'><strong><em>τοίνυν</em></strong></span> <span class='ocrx_word' id='word_1_158' title='bbox 857 2654 876 2728; x_wconf 82' lang='grc' dir='ltr'>ὅ</span> <span class='ocrx_word' id='word_1_159' title='bbox 889 2685 925 2729; x_wconf 86' lang='grc' dir='ltr'><strong><em>τε</em></strong></span> <span class='ocrx_word' id='word_1_160' title='bbox 938 2665 1041 2747; x_wconf 77' lang='grc' dir='ltr'><strong><em>δῆμος</em></strong></span> <span class='ocrx_word' id='word_1_161' title='bbox 1054 2654 1158 2729; x_wconf 77' lang='grc' dir='ltr'><strong><em>αὐτὸν</em></strong></span> <span class='ocrx_word' id='word_1_162' title='bbox 1172 2654 1257 2729; x_wconf 90' lang='grc' dir='ltr'><strong><em>ἀπο-</em></strong></span> 
     </span>
     <span class='ocr_line' id='line_1_23' title="bbox 301 2756 1256 2853; baseline 0 -21"><span class='ocrx_word' id='word_1_163' title='bbox 301 2764 479 2853; x_wconf 84' lang='grc' dir='ltr'><strong><em>δεξάμενος</em></strong></span> <span class='ocrx_word' id='word_1_164' title='bbox 501 2759 695 2851; x_wconf 80' lang='grc' dir='ltr'><strong><em>εύφήμησεν</em></strong></span> <span class='ocrx_word' id='word_1_165' title='bbox 713 2756 736 2850; x_wconf 68' lang='grc' dir='ltr'><strong><em>λη’</em></strong></span> <span class='ocrx_word' id='word_1_166' title='bbox 756 2787 792 2832; x_wconf 92' lang='grc' dir='ltr'><strong><em>τε</em></strong></span> <span class='ocrx_word' id='word_1_167' title='bbox 817 2760 999 2849; x_wconf 83' lang='grc' dir='ltr'><strong><em>σύγκλητος</em></strong></span> <span class='ocrx_word' id='word_1_168' title='bbox 1024 2762 1079 2832; x_wconf 77' lang='grc' dir='ltr'><strong><em>ἐπὶ</em></strong></span> <span class='ocrx_word' id='word_1_169' title='bbox 1105 2776 1177 2844; x_wconf 88' lang='grc' dir='ltr'><strong><em>ταῖς</em></strong></span> <span class='ocrx_word' id='word_1_170' title='bbox 1198 2768 1256 2849; x_wconf 81' lang='grc' dir='ltr'><strong><em>τῆς</em></strong></span> 
     </span>
     <span class='ocr_line' id='line_1_24' title="bbox 301 2860 1255 2955; baseline -0.001 -18"><span class='ocrx_word' id='word_1_171' title='bbox 301 2867 427 2948; x_wconf 83' lang='grc' dir='ltr'><strong><em>πόλεως</em></strong></span> <span class='ocrx_word' id='word_1_172' title='bbox 447 2866 589 2946; x_wconf 77' lang='grc' dir='ltr'><strong><em>εἰσόδοις</em></strong></span> <span class='ocrx_word' id='word_1_173' title='bbox 606 2863 893 2955; x_wconf 90' lang='grc' dir='ltr'><strong><em>προσηγόρευσεν,</em></strong></span> <span class='ocrx_word' id='word_1_174' title='bbox 916 2860 1071 2938; x_wconf 70' lang='grc' dir='ltr'><strong><em>ἀικλθών</em></strong></span> <span class='ocrx_word' id='word_1_175' title='bbox 1087 2866 1120 2947; x_wconf 87' lang='grc' dir='ltr'><strong><em>ές</em></strong></span> <span class='ocrx_word' id='word_1_176' title='bbox 1138 2864 1176 2933; x_wconf 86' lang='grc' dir='ltr'><strong><em>τὸ</em></strong></span> <span class='ocrx_word' id='word_1_177' title='bbox 1194 2872 1255 2936; x_wconf 82' lang='grc' dir='ltr'><strong><em>τοῦ</em></strong></span> 
     </span>
     <span class='ocr_line' id='line_1_25' title="bbox 300 2966 1254 3062; baseline 0 -24"><span class='ocrx_word' id='word_1_178' title='bbox 300 2968 384 3052; x_wconf 86' lang='grc' dir='ltr'><strong><em>Διὸς</em></strong></span> <span class='ocrx_word' id='word_1_179' title='bbox 396 2971 532 3058; x_wconf 89' lang='grc' dir='ltr'><strong><em>τέμενος</em></strong></span> <span class='ocrx_word' id='word_1_180' title='bbox 540 2968 597 3038; x_wconf 83' lang='grc' dir='ltr'><strong><em>καλ</em></strong></span> <span class='ocrx_word' id='word_1_181' title='bbox 605 2968 724 3056; x_wconf 88' lang='grc' dir='ltr'><strong><em>θύσας,</em></strong></span> <span class='ocrx_word' id='word_1_182' title='bbox 732 2975 769 3038; x_wconf 82' lang='grc' dir='ltr'><strong><em>ἔν</em></strong></span> <span class='ocrx_word' id='word_1_183' title='bbox 782 2995 818 3038; x_wconf 87' lang='grc' dir='ltr'><strong><em>τε</em></strong></span> <span class='ocrx_word' id='word_1_184' title='bbox 831 2983 900 3049; x_wconf 92' lang='grc' dir='ltr'><strong><em>τοῖς</em></strong></span> <span class='ocrx_word' id='word_1_185' title='bbox 912 2975 1041 3049; x_wconf 79' lang='grc' dir='ltr'><strong><em>λοιποῖς</em></strong></span> <span class='ocrx_word' id='word_1_186' title='bbox 1050 2972 1150 3058; x_wconf 87' lang='grc' dir='ltr'><strong><em>ίεροῖς</em></strong></span> <span class='ocrx_word' id='word_1_187' title='bbox 1162 2966 1254 3062; x_wconf 81' lang='grc' dir='ltr'><strong><em>νόμφ</em></strong></span> 
     </span>
     <span class='ocr_line' id='line_1_26' title="bbox 267 3070 1283 3165; baseline -0.002 -18"><span class='ocrx_word' id='word_1_188' title='bbox 267 3108 289 3147; x_wconf 78' lang='grc' dir='ltr'><strong><em>ιε</em></strong></span> <span class='ocrx_word' id='word_1_189' title='bbox 302 3079 463 3165; x_wconf 75' lang='grc' dir='ltr'><strong><em>βασιλικῷ</em></strong></span> <span class='ocrx_word' id='word_1_190' title='bbox 479 3071 712 3159; x_wconf 81' lang='grc' dir='ltr'><strong><em>καλλιερήσας,</em></strong></span> <span class='ocrx_word' id='word_1_191' title='bbox 733 3070 884 3159; x_wconf 77' lang='grc' dir='ltr'><strong><em>ἀνῆλθεν</em></strong></span> <span class='ocrx_word' id='word_1_192' title='bbox 897 3074 930 3152; x_wconf 85' lang='grc' dir='ltr'><strong><em>ές</em></strong></span> <span class='ocrx_word' id='word_1_193' title='bbox 950 3070 991 3142; x_wconf 82' lang='grc' dir='ltr'><strong><em>τά</em></strong></span> <span class='ocrx_word' id='word_1_194' title='bbox 1004 3079 1165 3161; x_wconf 82' lang='grc' dir='ltr'><strong><em>βασίλεια.</em></strong></span> <span class='ocrx_word' id='word_1_195' title='bbox 1195 3078 1283 3160; x_wconf 75' lang='grc' dir='ltr'><strong><em>τῆςδ</em></strong></span> 
     </span>
     <span class='ocr_line' id='line_1_27' title="bbox 301 3172 1254 3264; baseline 0 -19"><span class='ocrx_word' id='word_1_196' title='bbox 301 3176 338 3245; x_wconf 75' lang='grc' dir='ltr'><strong><em>δὲ</em></strong></span> <span class='ocrx_word' id='word_1_197' title='bbox 351 3174 508 3263; x_wconf 80' lang='grc' dir='ltr'><strong><em>ἐπιούσης</em></strong></span> <span class='ocrx_word' id='word_1_198' title='bbox 521 3174 696 3245; x_wconf 82' lang='grc' dir='ltr'><strong><em>κατελθών</em></strong></span> <span class='ocrx_word' id='word_1_199' title='bbox 708 3178 741 3257; x_wconf 85' lang='grc' dir='ltr'><strong><em>ές</em></strong></span> <span class='ocrx_word' id='word_1_200' title='bbox 749 3172 812 3264; x_wconf 81' lang='grc' dir='ltr'><strong><em>τὴν</em></strong></span> <span class='ocrx_word' id='word_1_201' title='bbox 822 3174 1009 3264; x_wconf 86' lang='grc' dir='ltr'><strong><em>σύγκλητον</em></strong></span> <span class='ocrx_word' id='word_1_202' title='bbox 1019 3174 1139 3262; x_wconf 89' lang='grc' dir='ltr'><strong><em>λόγους</em></strong></span> <span class='ocrx_word' id='word_1_203' title='bbox 1149 3177 1254 3245; x_wconf 80' lang='grc' dir='ltr'><strong><em>ἐπιει-</em></strong></span> 
     </span>
     <span class='ocr_line' id='line_1_28' title="bbox 300 3276 1252 3368; baseline 0.001 -20"><span class='ocrx_word' id='word_1_204' title='bbox 300 3294 368 3359; x_wconf 86' lang='grc' dir='ltr'><strong><em>κεῖς</em></strong></span> <span class='ocrx_word' id='word_1_205' title='bbox 377 3277 468 3348; x_wconf 90' lang='grc' dir='ltr'><strong><em>πάνυ</em></strong></span> <span class='ocrx_word' id='word_1_206' title='bbox 482 3279 539 3349; x_wconf 79' lang='grc' dir='ltr'><strong><em>καὶ</em></strong></span> <span class='ocrx_word' id='word_1_207' title='bbox 546 3284 699 3368; x_wconf 75' lang='grc' dir='ltr'><strong><em>χρηστῶν</em></strong></span> <span class='ocrx_word' id='word_1_208' title='bbox 712 3282 858 3349; x_wconf 82' lang='grc' dir='ltr'><strong><em>ἐλπίδων</em></strong></span> <span class='ocrx_word' id='word_1_209' title='bbox 871 3276 1011 3367; x_wconf 81' lang='grc' dir='ltr'><strong><em>μεστούς</em></strong></span> <span class='ocrx_word' id='word_1_210' title='bbox 1020 3281 1161 3348; x_wconf 82' lang='grc' dir='ltr'><strong><em>ἐποιεῖτο</em></strong></span> <span class='ocrx_word' id='word_1_211' title='bbox 1170 3276 1252 3366; x_wconf 83' lang='grc' dir='ltr'><strong><em>πρὸς</em></strong></span> 
     </span>
     <span class='ocr_line' id='line_1_29' title="bbox 301 3378 1251 3474; baseline 0 -24"><span class='ocrx_word' id='word_1_212' title='bbox 301 3381 443 3469; x_wconf 81' lang='grc' dir='ltr'><strong><em>πάντας,</em></strong></span> <span class='ocrx_word' id='word_1_213' title='bbox 457 3384 514 3451; x_wconf 88' lang='grc' dir='ltr'><strong><em>καὶ</em></strong></span> <span class='ocrx_word' id='word_1_214' title='bbox 527 3387 625 3471; x_wconf 75' lang='grc' dir='ltr'><strong><em>κοινῇ</em></strong></span> <span class='ocrx_word' id='word_1_215' title='bbox 641 3383 696 3450; x_wconf 79' lang='grc' dir='ltr'><strong><em>καὶ</em></strong></span> <span class='ocrx_word' id='word_1_216' title='bbox 710 3387 781 3474; x_wconf 80' lang='grc' dir='ltr'><strong><em>ίδίρι</em></strong></span> <span class='ocrx_word' id='word_1_217' title='bbox 795 3380 1021 3469; x_wconf 81' lang='grc' dir='ltr'><strong><em>δεξιούμενος,</em></strong></span> <span class='ocrx_word' id='word_1_218' title='bbox 1037 3382 1144 3469; x_wconf 86' lang='grc' dir='ltr'><strong><em>λέγων</em></strong></span> <span class='ocrx_word' id='word_1_219' title='bbox 1156 3378 1251 3469; x_wconf 72' lang='grc' dir='ltr'><strong><em>ἥκειν</em></strong></span> 
     </span>
     <span class='ocr_line' id='line_1_30' title="bbox 301 3480 1254 3574; baseline 0 -21"><span class='ocrx_word' id='word_1_220' title='bbox 301 3484 361 3572; x_wconf 75' lang='grc' dir='ltr'><strong><em>μὲν</em></strong></span> <span class='ocrx_word' id='word_1_221' title='bbox 378 3490 509 3566; x_wconf 82' lang='grc' dir='ltr'><strong><em>ἔκδικος</em></strong></span> <span class='ocrx_word' id='word_1_222' title='bbox 523 3491 802 3573; x_wconf 78' lang='grc' dir='ltr'><strong><em>τούΠερτίυακος</em></strong></span> <span class='ocrx_word' id='word_1_223' title='bbox 814 3482 934 3573; x_wconf 89' lang='grc' dir='ltr'><strong><em>φόνου,</em></strong></span> <span class='ocrx_word' id='word_1_224' title='bbox 947 3480 1008 3571; x_wconf 77' lang='grc' dir='ltr'><strong><em>τὴν</em></strong></span> <span class='ocrx_word' id='word_1_225' title='bbox 1021 3480 1053 3553; x_wconf 87' lang='grc' dir='ltr'><strong><em>δ’</em></strong></span> <span class='ocrx_word' id='word_1_226' title='bbox 1070 3481 1175 3574; x_wconf 79' lang='grc' dir='ltr'><strong><em>ἀρχὴν</em></strong></span> <span class='ocrx_word' id='word_1_227' title='bbox 1188 3509 1254 3554; x_wconf 83' lang='grc' dir='ltr'><strong><em>πα-</em></strong></span> 
     </span>
     <span class='ocr_line' id='line_1_31' title="bbox 269 3583 1254 3677; baseline -0.004 -21"><span class='ocrx_word' id='word_1_228' title='bbox 269 3590 411 3677; x_wconf 79' lang='grc' dir='ltr'><strong><em>αρέξειν</em></strong></span> <span class='ocrx_word' id='word_1_229' title='bbox 430 3589 488 3657; x_wconf 80' lang='grc' dir='ltr'><strong><em>καὶ</em></strong></span> <span class='ocrx_word' id='word_1_230' title='bbox 508 3591 640 3657; x_wconf 81' lang='grc' dir='ltr'><strong><em>εἴσοδον</em></strong></span> <span class='ocrx_word' id='word_1_231' title='bbox 664 3583 932 3676; x_wconf 89' lang='grc' dir='ltr'><strong><em>ἀριστοκρατίας,</em></strong></span> <span class='ocrx_word' id='word_1_232' title='bbox 952 3586 1034 3675; x_wconf 76' lang='grc' dir='ltr'><strong><em>μήτε</em></strong></span> <span class='ocrx_word' id='word_1_233' title='bbox 1055 3588 1094 3657; x_wconf 75' lang='grc' dir='ltr'><strong><em>δὲ</em></strong></span> <span class='ocrx_word' id='word_1_234' title='bbox 1120 3583 1254 3673; x_wconf 83' lang='grc' dir='ltr'><strong><em>ἀκριτόν</em></strong></span> 
     </span>
     <span class='ocr_line' id='line_1_32' title="bbox 302 3684 1256 3779; baseline -0.005 -21"><span class='ocrx_word' id='word_1_235' title='bbox 302 3718 376 3759; x_wconf 91' lang='grc' dir='ltr'><strong><em>τινα</em></strong></span> <span class='ocrx_word' id='word_1_236' title='bbox 396 3690 673 3779; x_wconf 77' lang='grc' dir='ltr'><strong><em>φονευθήσεσθαι</em></strong></span> <span class='ocrx_word' id='word_1_237' title='bbox 693 3684 715 3777; x_wconf 76' lang='grc' dir='ltr'><em>ἢ</em></span> <span class='ocrx_word' id='word_1_238' title='bbox 734 3688 1026 3778; x_wconf 78' lang='grc' dir='ltr'><strong><em>δημευθήσεσθαι,</em></strong></span> <span class='ocrx_word' id='word_1_239' title='bbox 1049 3689 1130 3778; x_wconf 79' lang='grc' dir='ltr'><strong><em>μήτε</em></strong></span> <span class='ocrx_word' id='word_1_240' title='bbox 1152 3708 1256 3760; x_wconf 83' lang='grc' dir='ltr'><strong><em>συκο-</em></strong></span> 
     </span>
     <span class='ocr_line' id='line_1_33' title="bbox 305 3787 1269 3888; baseline -0.006 -25"><span class='ocrx_word' id='word_1_241' title='bbox 305 3800 512 3881; x_wconf 87' lang='grc' dir='ltr'><strong><em>φαντοῦντος</em></strong></span> <span class='ocrx_word' id='word_1_242' title='bbox 525 3790 718 3884; x_wconf 78' lang='grc' dir='ltr'><strong><em>ἀνέξεσθαι,</em></strong></span> <span class='ocrx_word' id='word_1_243' title='bbox 739 3788 823 3864; x_wconf 85' lang='grc' dir='ltr'><strong><em>ἀλλά</em></strong></span> <span class='ocrx_word' id='word_1_244' title='bbox 838 3792 1030 3888; x_wconf 80' lang='grc' dir='ltr'><strong><em>βαρυτάτην</em></strong></span> <span class='ocrx_word' id='word_1_245' title='bbox 1047 3787 1269 3877; x_wconf 68' lang='grc' dir='ltr'><strong><em>εύδαιρουλαυ</em></strong></span> 
     </span>
     <span class='ocr_line' id='line_1_34' title="bbox 333 3906 1143 4000; baseline 0.002 -37"><span class='ocrx_word' id='word_1_246' title='bbox 333 3914 528 4000; x_wconf 41' lang='lat' dir='ltr'><strong><em>&#39;fladonum</em></strong></span> <span class='ocrx_word' id='word_1_247' title='bbox 1119 3906 1143 3965; x_wconf 61' lang='grc' dir='ltr'><strong><em>ὀ</em></strong></span> 
     </span>
    </p>
   </div>
   <div class='ocr_carea' id='block_1_3' title="bbox 0 0 1572 4367">
    <p class='ocr_par' dir='ltr' id='par_1_6' title="bbox 0 0 1572 4367">
     <span class='ocr_line' id='line_1_35' title="bbox 0 0 1572 4367; baseline 0 3"><span class='ocrx_word' id='word_1_248' title='bbox 0 0 1572 4367; x_wconf 95' lang='lat' dir='ltr'><strong><em> </em></strong></span> 
     </span>
    </p>
   </div>
  </div>
 </body>
</html>
