3134 4367
640 426 862 487 TETAPTON
1161 425 1219 487 113

263 593 333 665 λων
346 596 471 665 ἑαυτοῦ
492 597 637 685 ἐπέθηκε
654 604 695 688 τῇ
716 600 850 667 ἐκείνου
870 602 968 689 σορῷ.
995 592 1017 665 δὶ
1034 596 1075 687 δὴ
1090 594 1181 687 ὁρύν
1197 593 1216 668 ὁ
1232 617 1250 678 9

263 705 367 788 δῆμος
379 695 595 789 ύπερίχαιρε,
612 708 825 788 παννυχίζων
838 728 874 769 τε
887 701 942 768 καὶ
957 700 1135 790 ἑορτάζων,
1155 698 1217 771 ούκ

263 800 361 882 είδοδς
374 800 437 889 τὴν
450 809 511 872 τοῦ
525 807 686 891 βασιλέως
705 803 945 873 λανθάνουσαν
963 802 1115 892 γνύμην·
1136 811 1219 874 ταύ-

261 933 302 975 τα
315 903 381 994 γδιρ
395 905 504 975 πάντα
517 908 641 988 ἐκεῖνος
654 902 857 996 ὑπεκρίνατο
867 905 1070 995 βουλόμενος
1083 903 1118 975 τὸ
1134 914 1219 995 πλῆ-

263 1020 325 1090 θος
339 1005 455 1077 αύτολν
467 1014 677 1100 διαφθεῖραι.
706 1006 727 1098 ἡ
744 1006 775 1080 δ’
800 1016 890 1079 αίτία
911 1015 971 1078 τοῦ
992 1008 1220 1089 λανθάνοντος

261 1119 381 1201 μίσους
394 1112 507 1182 τοιάδε
521 1140 570 1193 τις
582 1104 640 1202 ἦν
666 1108 895 1202 ’ἀπηγγέλλετο
908 1109 999 1204 αύτῷ
1013 1118 1217 1200 διατρίβοντι
1232 1127 1248 1178 2

261 1217 317 1285 ἐπὶ
335 1222 394 1302 τῆς
406 1212 529 1304 Ῥοίμης
554 1222 618 1303 ἔτι,
638 1218 774 1286 καὶτοῦ
796 1212 946 1303 ἀδελφοῦ
965 1215 1137 1305 περιόντος
1164 1217 1220 1283 καὶ

261 1315 346 1407 μετά
357 1316 418 1388 τὸν
430 1322 564 1389 ἐκείνου
578 1320 702 1408 φόνον,
717 1316 768 1389 ὅτι
782 1316 847 1407 άρα
861 1318 930 1388 εἷεν
945 1315 1050 1388 πολλὰ
1065 1321 1097 1399 ἐς
1116 1313 1220 1387 αύτὸν

263 1418 533 1503 άποσκοίυαντες.
560 1423 730 1519 πεφύκασι
745 1425 786 1492 δι’
800 1449 870 1503 πως
884 1421 968 1491 εἶναι
983 1420 1220 1511 φιλοσκώμμο-

246 1552 318 1607 Ινες
334 1526 393 1594 καὶ
408 1530 519 1614 λέγειν
534 1522 698 1614 εὐστόχως
713 1522 910 1615 ὑπογραφάς
923 1520 1097 1612 ἦπαιδιάς,
1112 1521 1219 1614 άπορ-

264 1636 461 1716 ριπτοῦντες
475 1633 508 1709 ἐς
521 1627 600 1712 τούς
616 1626 839 1718 ὑπερέχοντας
860 1625 967 1698 πολλὰ
987 1635 1142 1717 χαρίεντα
1156 1627 1219 1715 μὲν

263 1728 378 1812 αὐτοῖς
404 1737 587 1819 δοκοῦντα,
607 1731 742 1820 λυπηρά
768 1733 806 1801 δὲ
833 1746 901 1811 τοῖς
928 1740 1131 1818 σκωφθείσι·
1152 1736 1220 1799 τῶν

263 1832 328 1923 γάρ
342 1834 504 1905 τοιούτων
518 1843 622 1920 κνίζει
637 1835 778 1923 μάλιστα
796 1831 858 1904 ὅσα
879 1837 1003 1923 ἐλέγχει
1025 1840 1093 1902 τῶν
1112 1829 1220 1922 ἁμαρ-

263 1938 417 2026 τημάτων
430 1937 492 2026 τὴν
510 1936 684 2027 ἀλήθειαν.
737 1936 844 2009 πολλὰ
863 1944 980 2007 τοίνυν
998 1940 1138 2006 ἐκείνων
1153 1934 1248 2006 αύ-3

246 2079 248 2092 ‹
264 2039 324 2109 τόν
337 2042 546 2123 σκωγάντων
559 2048 593 2122 ἒς
602 2069 637 2111 τε
650 2041 710 2130 τὴν
724 2050 785 2112 τοῦ
801 2038 952 2130 άδελφού
966 2037 1149 2130 άναίρεσιν,
1163 2042 1220 2109 καί
1264 2113 1267 2119 ,
1343 2065 1348 2074 *

260 2141 516 2233 τηνπρεσβύτιν
525 2142 692 2235 Ἰοκάστην
700 2145 905 2231 καλούντων,
915 2147 1043 2214 ἐκεῖνον
1053 2145 1090 2213 δὲ
1098 2152 1219 2230 χλευα-

261 2247 388 2330 ζόυτων
413 2244 465 2316 ὅτι
483 2246 525 2336 δὴ
548 2246 666 2339 μικρὸς
688 2244 737 2319 όν
756 2247 973 2336 Ἁλέξανδρον
996 2249 1052 2316 καί
1069 2244 1218 2333 Ἀχιλλέα

261 2350 518 2437 γενναιοτάτους
530 2354 586 2420 καλ
599 2360 775 2441 μεγίστους
789 2349 899 2441 ἥρωας
914 2354 1068 2439 ἐμιμεῖτο,
1083 2345 1220 2418 τοιαύτά

262 2481 338 2523 τινα
350 2460 480 2538 παίζειν
493 2451 608 2524 αὐτῶν
621 2455 824 2542 δοκούντων,
832 2452 972 2543 ὀλέθρια
986 2455 1043 2523 καί
1058 2456 1219 2540 ἐπίβουλα

246 2589 248 2606 ·
264 2553 337 2626 κατ’
363 2555 478 2626 αὐτῶν
497 2560 688 2640 σκέψασθαι
707 2557 767 2628 τδν
790 2556 992 2626 Ἀντωνίνον
1013 2553 1217 2642 ἠνάγκασαν,

263 2658 367 2749 φύσει
387 2657 468 2729 όντα
493 2657 630 2751 ὀργίλον
656 2663 712 2730 καί
731 2659 884 2749 φονικόν.
921 2662 1249 2746 σνμπανηγυρίσας4

262 2769 382 2832 τοίνυν
400 2753 513 2846 αὐτοῖς
536 2766 592 2833 καὶ
614 2764 853 2853 συνεορτάσας,
877 2756 921 2841 ὡς
942 2760 1010 2830 εἶδε
1032 2765 1142 2829 πάσαν
1157 2757 1219 2846 τὴν
1319 2799 1322 2805 ·

262 2866 362 2935 πόλιν
376 2867 529 2955 πλήθους
541 2874 701 2956 μεγίστου
714 2867 978 2955 πεπληρωμένην
992 2872 1060 2933 των
1074 2858 1138 2932 άπὸ
1153 2862 1219 2932 πά-

262 2986 322 3057 σης
341 2971 420 3060 περὶ
437 2968 544 3059 αύτὴν
566 2971 674 3060 χωρας
699 2975 769 3041 ἐκεῖ
786 2967 1040 3055 συνελθόντων,
1062 2964 1118 3035 δεδι
1135 2992 1219 3055 προ-

263 3071 452 3161 γράμματος
465 3081 576 3143 πᾶσαν
589 3073 650 3164 τὴν
671 3082 828 3145 νεολαίαν
847 3079 881 3154 ἔς
900 3100 931 3141 τι
953 3077 1069 3142 πεδίον
1089 3069 1218 3139 κελεύει
1331 3067 1334 3072 ’

264 3186 458 3265 συνελθεῖν,
473 3178 581 3267 φήσας
595 3182 629 3258 ἐς
641 3177 703 3266 τὴν
715 3174 935 3267 Ἀλεξάνδρου
949 3173 1047 3263 τιμὴν
1062 3173 1216 3268 φάλαγγα

264 3278 450 3365 βούλεσθαι
477 3282 722 3370 συστήσασθαι,
750 3279 861 3369 ὥσπερ
894 3279 1134 3365 Μακεδονικὴν
1161 3277 1216 3345 καὶ

263 3389 490 3475 Σπαρτιᾶτιν,
505 3382 593 3455 οὕτω
604 3387 659 3454 καί
672 3392 732 3463 τοῦ
745 3383 852 3474 ἥρωος
866 3382 1072 3470 ἐπωνύμους.
1087 3379 1217 3450 κελεύει
1233 3404 1248 3451 5

265 3484 306 3575 δὴ
326 3486 485 3577 στιχηδδν
507 3486 585 3567 τούς
607 3494 740 3568 νεανίας
759 3487 884 3566 πάντας
906 3490 1097 3572 διαστῆναι,
1117 3479 1160 3564 ύς
1176 3477 1218 3549 άν

246 3619 250 3651 ι
266 3591 423 3662 ἐπελθὼν
436 3595 576 3686 ἕκαστον
597 3596 652 3680 ίδη
673 3597 743 3671 πῶς
763 3618 798 3661 τε
813 3586 941 3677 ἡλικίας
960 3594 1028 3677 ἔχοι
1046 3589 1103 3656 καὶ
1121 3585 1220 3673 μεγί-

265 3704 352 3777 θους
372 3696 522 3784 σώματος
545 3697 601 3764 καὶ
620 3690 748 3777 εύεξίας
768 3697 802 3776 ἐς
826 3698 1002 3785 στρατείαν
1021 3692 1220 3775 ἐπιτηδείου.

261 3799 402 3880 ταύταις
417 3794 523 3868 αύτού
537 3815 607 3884 ταῖς
628 3794 828 3892 ὑποσχέσεσι
843 3796 1093 3872 πιστεύσαντες
1110 3794 1145 3860 ολ
1162 3810 1246 3855 νεα-

249 3929 254 3936 ·
293 3931 474 3974 αειεοοιεπ.
1086 3905 1113 3966 Q
