3134 4367
313 435 355 496 40
683 438 909 498 AETTEPON

315 613 614 700 δαφνηφορούντες
632 613 696 687 πῶς
715 603 733 676 ὁ
754 613 858 696 δήμος
880 609 937 676 καὶ
962 606 1000 678 τὸ
1021 608 1271 697 στρατιωτικόν,

315 710 431 801 ἐπειδή
450 711 589 802 προσήει
609 713 666 779 καὶ
686 708 724 779 τὸ
738 719 960 801 περίορθρον,
977 715 1011 792 ἐς
1024 710 1086 801 τήν
1099 719 1272 801 βασίλειον

314 813 423 904 αὐλήν
435 812 606 905 ἀνήγαγον
619 812 679 884 τόν
691 822 893 903 Περτίνακα.

281 928 300 990 3
416 915 487 989 ὅδὲ
501 923 636 1009 ἐπείπερ
651 917 776 1007 ἱδρύθη
788 920 825 987 έν
837 924 879 1007 τῇ
891 924 1050 1009 βασιλείῳ
1072 920 1181 1008 ἑστίᾳ,
1201 922 1271 986 τῶν

311 1047 347 1089 τε
360 1029 573 1112 στρατιωτῶν
586 1024 643 1091 καὶ
655 1026 717 1089 τού
729 1021 849 1110 δήμου,
858 1016 902 1101 ῶς
915 1029 1120 1110 προείρηται,
1134 1020 1269 1110 νύκτωρ
1286 1045 1300 1085 ο

310 1121 566 1212 ἀναγαγόντων,
586 1132 741 1214 φροντίσι
759 1132 929 1212 μεγίσταις
955 1122 1017 1213 τήν
1037 1123 1175 1212 γνῶμην
1194 1127 1268 1193 ἐτα-

310 1227 446 1316 ράττετο
458 1252 466 1265 ·
481 1228 572 1298 πάνυ
584 1255 621 1297 τε
633 1226 748 1314 αὐτόν,
759 1236 868 1297 καίτοι
881 1233 1048 1297 δοκοῦντα
1060 1234 1169 1317 ψυχῆς
1183 1226 1270 1296 εἶναι

310 1334 498 1422 ἐρρωμένης
511 1334 568 1401 καὶ
582 1330 664 1422 πρὸς
677 1330 785 1401 πάντα
798 1329 967 1421 ἀνδρεῖον,
976 1329 1017 1399 τά
1027 1330 1177 1421 παρόντα
1188 1330 1268 1419 ἐφό-

309 1441 380 1523 βει,
394 1432 455 1523 οὐχ
475 1433 564 1505 ούτω
578 1442 720 1528 προνοίᾳ
733 1440 792 1524 τής
806 1438 927 1505 ἑαυτοῦ
949 1442 1114 1525 σωτηρίας
1134 1434 1267 1516 (κινδύ-

308 1565 380 1606 νων
403 1536 466 1628 γάρ
489 1541 546 1609 καὶ
567 1538 730 1628 μειζόνων
749 1538 909 1619 πολλάκις
922 1529 966 1628 ἦν
986 1536 1268 1627 καταφρονήσας),
1288 1561 1313 1601 1⁰

308 1644 471 1728 ἐλογίζετο
486 1644 522 1714 δὲ
535 1643 598 1732 τήν
617 1671 653 1713 τε
673 1648 848 1730 αἰφνίδιον
868 1649 926 1732 τής
944 1648 1146 1731 τυραννίδος
1167 1669 1267 1730 μετα-

307 1742 412 1835 βολήν
425 1745 487 1836 τήν
499 1774 536 1817 τε
550 1749 588 1816 έν
600 1753 641 1836 τῇ
655 1746 830 1839 συγκλήτῳ
843 1751 951 1834 βουλή
965 1751 1069 1814 τινῶν
1081 1742 1268 1832 εὐγένειαν,

308 1844 367 1928 οῶς
380 1846 580 1919 ὑπώπτευεν
597 1848 659 1919 οὐκ
672 1846 892 1938 ἀνεξομένους
914 1847 997 1939 μετὰ
1010 1851 1149 1936 βασιλέα
1171 1846 1266 1935 εὐγε-

307 1953 466 2021 νέστατον
478 1952 541 2042 τήν
554 1950 659 2041 ἀρχήν
671 1959 924 2041 μεταπεσοῦσαν
939 1956 972 2032 ές
991 1950 1099 2041 ἀνδρα
1119 1956 1160 2035 ἐξ·
1171 1958 1266 2022 ίδιω·

276 2060 403 2123 λτικού
416 2058 473 2124 καὶ
486 2053 615 2145 ἀσήμου
629 2058 749 2143 γένους
768 2058 822 2124 ἐπὶ
840 2061 938 2125 τούτο
958 2055 1112 2125 ἐλθόντα.
1153 2062 1185 2125 εί
1202 2053 1267 2144 γάρ
1287 2079 1311 2120 ιε

306 2159 363 2226 καὶ
376 2154 394 2227 ὃ
408 2166 480 2248 βίος
493 2157 584 2252 αὐτῶ
598 2157 654 2228 διὰ
670 2158 897 2248 σωφροσύνην
917 2162 1071 2248 ε’πηνεῑτο
1090 2161 1147 2228 καὶ
1169 2157 1210 2228 τὰ
1230 2162 1268 2228 έν

305 2277 377 2340 ταῖς
390 2277 641 2350 στρατιωτικαῖς
655 2262 815 2349 πράξεσιν
828 2253 871 2350 ήν
882 2259 1012 2352 εὐκλεή,
1020 2260 1095 2332 ἀλλ’
1112 2259 1193 2331 ὅσον
1207 2260 1264 2333 εύ-

305 2372 437 2450 γενείας
462 2364 579 2455 χάριν,
606 2362 693 2435 πολύ
719 2371 789 2435 τῶν
816 2364 1030 2456 εὐπατριδῶν
1057 2363 1265 2436 ἀπελείπετο.

304 2463 428 2557 ἡμέρας
441 2460 505 2537 οὖν
517 2468 769 2558 καταλαβούσης
781 2475 952 2558 κατήλθεν
965 2472 1020 2539 ἐπὶ
1032 2467 1070 2538 τό
1084 2472 1267 2560 συνέδριον

302 2576 361 2659 τής
374 2578 512 2661 βουλῆς,
526 2570 605 2643 ον”τε
617 2571 655 2643 τὸ
669 2578 737 2663 πύρ
751 2573 850 2653 έάσας
870 2576 991 2643 ἑαυτοῦ
1005 2579 1263 2662 προπομπεῦσαι
1282 2592 1310 2633 2⁰

302 2672 381 2745 οὐτε
393 2703 426 2745 τι
439 2674 521 2747 ἀλλο
534 2682 603 2747 τῶν
616 2683 802 2765 βασιλικῶν
815 2677 995 2767 συμβόλων
1008 2680 1040 2757 ἐς
1054 2674 1138 2759 ὐήιος
1152 2674 1262 2767 ἀρθή-

301 2806 358 2847 ναι
379 2781 460 2869 πρὶν
479 2776 500 2869 ή
519 2792 645 2870 μαθεῖν
662 2779 725 2869 τήν
739 2780 878 2869 γνῶμην
890 2787 948 2869 τής
967 2779 1157 2869 συγκλήτου
1179 2789 1261 2868 βου-

271 2903 289 2958 3
303 2887 372 2969 λής.
425 2884 498 2952 ἐπεὶ
512 2885 550 2953 δὲ
563 2882 667 2953 αὐτὸν
680 2881 747 2972 ἅμα
760 2889 808 2975 τῷ
827 2887 1032 2972 ἐπιφανῆναι
1046 2884 1167 2963 πάντες
1181 2880 1261 2973 ὁμο·

220 3021 224 3032 ·
301 2982 460 3073 θυμαδὸν
471 2982 669 3074 εὐφήμησαν
679 2985 861 3075 σεβάσμιόν
869 3013 905 3054 τε
919 2988 975 3054 καὶ
986 2988 1125 3074 βασιλέα
1134 3009 1261 3077 προση·

300 3086 487 3176 γόρευσαν,
509 3084 528 3157 ὃ
549 3088 586 3158 δέ
605 3087 646 3157 τδι
670 3088 732 3176 μὲν
751 3095 867 3177 πρῶτα
886 3106 1065 3178 παρῃτεῖτο
1084 3096 1142 3178 τῆς
1160 3089 1262 3181 ἀρχῆς
1278 3119 1304 3161 ιο

299 3188 337 3258 τό
364 3193 572 3279 ἐπίφθονον,
600 3190 703 3281 γήράς
733 3218 770 3261 τε
797 3192 1035 3282 προϊσχόμενος
1060 3194 1262 3284 συγγνώμης

300 3294 426 3378 ἐδεῖτο,
446 3293 537 3365 εἷναί
552 3323 589 3364 τε
607 3292 752 3376 πολλούς
778 3293 980 3384 εὐπατρίδας
1000 3304 1148 3386 ἔφασκεν
1170 3294 1260 3388 οίςή

298 3402 452 3484 βασιλεία
469 3404 597 3486 μᾶλλον
618 3395 768 3490 ἁρμόζει·
791 3402 847 3469 καὶ
866 3400 1050 3491 λαβόμενος
1070 3407 1127 3490 τής
1148 3399 1260 3493 χειρός

298 3507 514 3590 Γλαβρίωνος
537 3497 648 3572 εἷλκεν
667 3500 788 3588 αὐτόν,
809 3512 1009 3588 καθίζεσθαι
1030 3506 1180 3575 κελεύων
1202 3508 1259 3576 ἐπὶ

266 3609 358 3677 4τού
372 3612 544 3693 βασιλείου
556 3605 698 3694 θρόνου.
751 3598 796 3696 ήν
817 3607 854 3677 δὲ
874 3611 1000 3688 ἐκεῖνος
1022 3605 1256 3695 εὐγενίστατος
1274 3629 1300 3671 ³⁰

297 3707 360 3795 μὲν
380 3707 516 3778 πάντων
535 3714 605 3778 τῶν
625 3706 838 3801 εὐπατριδῶν
853 3709 1012 3801 (ἀνέφερε
1032 3717 1117 3798 γοῦν
1137 3715 1172 3793 ἐς
1191 3720 1254 3783 Αί-

284 3818 388 3878 νείαν
405 3810 468 3881 τόν
486 3809 684 3907 Ἀφροδίτης
703 3816 760 3886 καὶ
781 3812 935 3905 Ἀγχίσου
961 3811 1023 3903 τήύ
1047 3820 1108 3883 τοῦ
1135 3818 1256 3903 γένους
