3134 4367
312 421 351 484 58
680 423 904 484 AEYTEPON

312 624 365 677 τες
379 591 455 665 οὐδ’
472 589 514 663 ἀν
530 602 587 684 τῆς
600 600 681 683 βοής
702 589 799 682 ὑμῶν
820 590 1032 682 ἀνάσχοιντο,
1053 589 1127 663 ούτι
1149 622 1187 682 γε
1209 603 1267 684 τής

311 699 425 789 μάχης.
441 705 472 767 εἰ
483 700 523 767 δέ
534 725 620 778 τινες
633 696 673 767 τά
687 696 769 767 κατὰ
777 704 912 786 Συρίαν
921 694 1144 766 ὑποπτεύοιεν
1158 698 1268 787 πράγ-

312 832 414 892 ματα,
430 804 591 871 ἐντεῦθεν
605 796 647 869 ἀν
666 800 885 891 τεκμήραιντο
905 797 1033 888 ἀσθενῆ
1053 828 1087 869 τε
1108 796 1191 869 όυτα
1211 804 1269 871 καὶ

314 905 444 994 φαύλας
458 912 574 992 ἔχοντα
587 902 644 984 τάς
658 907 804 990 ἐλπίδας,
819 900 904 973 ὅπου
917 903 1001 992 μηδὲ
1015 913 1196 993 προελθεῖν
1210 912 1268 993 τής

313 1006 425 1079 αύτώυ
440 1008 548 1097 χώρας
562 1007 760 1096 ἐτόλμησαν,
775 1008 862 1095 μηδέ
879 1034 911 1075 τι
925 1009 1001 1094 περὶ
1022 1014 1079 1095 τής
1093 1010 1126 1087 ές
1140 1003 1268 1097 Ῥώμην
1283 1032 1296 1070 5

313 1110 446 1201 ἀφόδου
474 1110 726 1199 βουλεύσασθαι
760 1110 969 1199 ἐθάρρησαν,
997 1106 1173 1198 ἀγαπητῶς
1200 1114 1271 1181 ἐκεῖ

303 1218 478 1306 μένοντες,
493 1216 549 1282 καὶ
563 1214 731 1303 ἐφήμερον
747 1211 882 1304 τρυφήν
898 1216 1016 1302 κέρδος
1030 1221 1087 1301 τῆς
1101 1209 1196 1283 ούπω
1211 1222 1270 1304 βε-

283 1326 411 1409 ῖβαίας
432 1314 533 1406 άρχής
553 1324 754 1409 νομίζρυσιν.
792 1318 846 1385 έπὶ
867 1316 928 1405 μὲν
949 1314 1012 1404 γάρ
1033 1315 1069 1385 τὸ
1089 1317 1271 1404 χαριέντως

313 1424 370 1490 καί
391 1417 473 1508 μετά
493 1426 627 1500 παιδιάς
649 1416 846 1500 ἀποσκώυαι
868 1420 1047 1507 ἐπιτήδειοι
1066 1419 1196 1509 Σύροι,
1213 1422 1271 1490 καὶ

312 1524 454 1613 μάλιστα
480 1528 515 1592 οί
540 1522 601 1611 τήν
625 1520 827 1611 Ἀντιόχειαν
849 1529 1036 1610 οἰκοῦντες,
1056 1518 1159 1612 <ούς>
1187 1544 1272 1613 φασι
1289 1541 1310 1580 ¹⁰

314 1628 391 1717 περὶ
404 1625 463 1695 τὸν
476 1633 609 1717 Νίγρον
626 1628 882 1696 ἐσπουδακέναι·
904 1621 989 1694 τὰδ’
1008 1622 1091 1695 ἀλλα
1112 1632 1199 1716 ἔθνη
1214 1628 1272 1696 καὶ

314 1736 351 1800 αί
365 1726 462 1799 ἀλλαι
484 1731 597 1810 πόλεις
616 1732 711 1819 μέχρι
738 1736 804 1800 νύν
826 1736 872 1823 τῷ
898 1731 1025 1817 μηδένα
1052 1723 1272 1818 εὑρίσκεσθαι

312 1833 372 1903 τὸν
386 1830 478 1916 ἀξιον
497 1840 554 1921 τῆς
576 1830 678 1921 ἀρχῆς
695 1832 872 1921 ἐσόμενον,
895 1832 1014 1902 σπάνει
1033 1838 1093 1901 τού
1114 1830 1186 1921 μετ’
1210 1830 1272 1903 ἀν-

315 1941 427 2026 δρείας
441 1937 497 2004 καὶ
511 1935 684 2023 σώφρονος
699 1935 894 2023 διοικήσεως
907 1932 1063 2025 άρξοντος
1076 1938 1195 2029 ἐκείνῳ
1210 1942 1274 2026 δή·

282 2050 301 2104 8
315 2047 375 2108 λον
393 2033 444 2106 ὅτι
457 2045 718 2125 προσποιοῦνται
730 2034 927 2107 ύπακούειν.
981 2045 1011 2108 εί
1024 2038 1061 2107 δέ
1074 2038 1136 2126 τήν
1156 2068 1192 2109 τε
1209 2036 1272 2109 Ἰλ-
1289 2062 1310 2102 1⁵

313 2139 456 2231 λυρικήν
470 2141 615 2229 δύναμιν
629 2137 695 2229 ἅμα
708 2140 987 2230 χειροτονήσασαν
1007 2141 1169 2230 μάθοιεν,
1184 2143 1222 2214 τό
1236 2170 1273 2212 τε

313 2241 475 2333 ἡμέτερον
489 2241 594 2332 ὄνομα
608 2244 773 2313 πύθοιντο
784 2240 848 2313 ούκ
862 2241 1035 2333 ἀγνωστον
1049 2242 1125 2314 οὐδ’
1142 2243 1272 2335 ἀσημον

314 2343 393 2438 παρ’
417 2342 530 2429 αύτοῖς
550 2344 701 2434 ὑπάρχον
727 2351 760 2430 ἐξ
788 2338 836 2417 ών
859 2343 1142 2437 ήγεμονεύσαντες
1164 2352 1273 2420 ἐκεῖσε

314 2444 544 2544 διῳκήσαμεν,
559 2440 599 2519 εύ
622 2460 708 2538 ῖσιε,
729 2446 808 2519 ούτε
828 2455 909 2539 ἐμοῦ
930 2454 1103 2542 ῥᾳθυμίαν
1124 2447 1146 2541 ή
1166 2449 1273 2542 ἀδρα-

313 2562 392 2625 νίαν
406 2553 693 2642 καταγνώσονται,
709 2551 787 2624 ούτε
800 2552 836 2623 τὸ
855 2550 1017 2644 ὑμέτερον
1037 2570 1196 2642 γενναῖον
1215 2558 1273 2626 καί
1288 2573 1310 2613 2⁰

314 2657 397 2748 πρός
411 2656 468 2739 τάς
482 2658 584 2747 μάχας
604 2659 762 2747 ἐμβριθές
782 2654 968 2747 ύποστήναι
988 2658 1198 2747 αἱρήσονται,
1217 2660 1275 2729 καὶ

315 2760 477 2849 σωμάτων
498 2764 656 2849 μεγέθεσι
679 2764 736 2831 καί
754 2762 869 2831 πόνων
894 2758 1052 2848 ἀσκήσεσι
1074 2763 1151 2847 [καὶ]
1174 2765 1211 2832 έν
1234 2768 1274 2853 τῇ

284 2873 302 2926 9
317 2862 486 2950 συστάδην
500 2864 586 2953 μάχη
600 2861 687 2933 πολύ
702 2861 798 2952 ύμών
812 2860 1057 2944 ἀπολείποντες.
1086 2863 1275 2955 φθάσωμεν

314 2955 378 3035 ούν
393 2964 454 3054 τήν
469 2961 596 3053 Ῥώμην
612 2966 935 3055 προκαταλαβόυτες,
958 2973 1043 3035 ἔνθα
1063 2963 1084 3055 ή
1107 2975 1275 3056 βασίλειος

314 3075 405 3138 ἔστιν
419 3070 528 3136 έστία·
549 3064 710 3136 κάκεῖθεν
731 3064 919 3157 ὁρμώμενοι
938 3067 978 3138 τά
998 3069 1097 3140 λοιπά
1117 3068 1271 3163 εύμαρώς
1287 3092 1309 3131 25

315 3170 544 3261 διοικήσομεν,
566 3177 676 3251 θείαις
701 3198 737 3240 τε
757 3170 960 3261 προρρήσεσι
981 3174 1196 3256 πιστεύοντες
1217 3175 1273 3245 καὶ

314 3281 354 3364 τῇ
368 3280 435 3342 τῶν
449 3271 621 3363 ὑμετέρων
635 3269 774 3365 ἀνδρείᾳ
789 3270 902 3344 ὅπλων
915 3277 1020 3345 τεκαὶ
1033 3274 1223 3365 σωμάτων.”

416 3382 552 3446 τοιαῦτα
572 3376 705 3446 εἰπόντα
725 3376 784 3446 τὸν
799 3384 953 3466 Σεεήρον
968 3376 1220 3468 εύφημήσαντες
1243 3384 1278 3450 οί

316 3487 530 3570 στρατιῶται,
545 3486 725 3560 καλοῦντες
738 3480 901 3568 σεβαστόν
914 3484 971 3551 καί
984 3490 1193 3574 Περτίνακα,
1209 3492 1274 3553 πᾶ-

268 3592 381 3654 11σαν
408 3586 640 3653 ἐνεδείκνυντο
666 3591 862 3673 προθυμίαν
889 3588 946 3655 καὶ
977 3586 1141 3675 σπουδήν.
1195 3583 1272 3658 ὅδὲ
1288 3609 1310 3649 w

318 3693 467 3777 Σεεήρος
486 3687 612 3774 μηδένα
629 3685 745 3768 διδούς
766 3687 886 3777 καιρὸν
906 3685 1087 3777 ἀναβολῆς,
1103 3689 1272 3760 συσκευά-

269 3863 273 3870 ,
311 3797 447 3860 σασθαί
469 3817 504 3860 τε
527 3786 649 3873 αύτούς
668 3786 712 3873 ώς
732 3797 782 3861 ένι
802 3790 941 3882 μάλιστα
963 3787 1179 3864 εὐτελέστατα
1200 3795 1272 3864 έκέ-

1100 4003 1115 4032 s
1178 3978 1185 3991 .
