3134 4367
706 426 851 487 ΕΚΤΟΝ
1083 476 1096 488 .
1196 431 1255 491 147

299 610 366 687 λεῖ,
381 596 493 668 πᾶσάν
507 624 542 667 τε
556 592 617 685 τήν
631 593 865 687 ἀντικειμένην
884 594 1024 690 ἤπειρον
1036 596 1185 694 Εὐρώπη
1199 606 1254 674 καὶ
1268 611 1285 664 ²

298 704 542 793 διαιρουμένην
551 708 681 795 Αἰγαίῳ
695 730 730 771 τε
744 704 801 771 καὶ
813 710 859 795 τῷ
873 709 1015 796 πορθμῷ
1029 711 1085 792 τής
1096 713 1256 795 Προπον-

297 813 400 893 τίδος,
412 802 527 874 Ἀσίαν
540 818 576 874 ’τε
591 812 702 873 πᾶσαν
711 809 922 894 καλουμένην
934 806 1137 895 προγονικὸν
1150 816 1255 900 κτήμα

298 907 486 999 ήγοάμενος
498 915 539 997 τῇ
558 914 702 996 Περσῶν
722 906 806 998 ἀρχή
824 907 1075 996 ἀνακτήσασθαι
1088 911 1253 1002 βούλεται,

271 1035 283 1077 ι
299 1014 439 1103 φάσκων
453 1009 517 1080 ἀπὸ
531 1010 650 1099 Κύρου
659 1018 719 1080 τοῦ
733 1012 868 1102 πρώτου
880 1010 942 1100 τήν
955 1009 1060 1101 ἀρχήν
1074 1016 1110 1082 έκ
1123 1016 1255 1103 Μήδων

298 1122 330 1199 ἐς
343 1118 478 1204 Πέρσας
498 1114 760 1202 μεταστήσαντος
778 1118 874 1204 μέχρι
890 1124 1040 1204 Δαρείου
1059 1123 1120 1185 τοῦ
1138 1126 1254 1188 τελευ-

297 1228 393 1290 ταίου
415 1225 560 1307 Περσῶν
577 1219 754 1305 βασιλέως,
775 1210 818 1287 οὗ
837 1217 899 1307 τήν
919 1214 1025 1307 ἀρχήν
1041 1216 1254 1310 Ἀλέξανδρος

296 1320 314 1393 ὁ
328 1327 452 1392 Μακεδ
455 1319 503 1389 ων
512 1329 660 1407 καθεῖλε,
669 1321 777 1390 πάντα
790 1326 902 1409 μέχρις
919 1319 1043 1401 Ἰωνίας
1057 1325 1112 1390 καί
1126 1331 1254 1411 Καρίας

296 1423 363 1496 ἀπὸ
378 1424 562 1512 σατράπαις
574 1432 752 1511 Περσικοῖς
768 1430 971 1516 διῳκῆσθαι·
991 1424 1174 1513 προσήκειν
1189 1418 1253 1497 οὖν

263 1526 388 1620 ωαάτῷ
408 1530 556 1615 Πέρσαις
577 1523 833 1596 ἀνανεώσασθαι
854 1534 963 1597 πάσαν
982 1525 1184 1619 ὁλόκληρον,
1208 1526 1252 1618 ἣν

294 1632 461 1723 πρότερον
474 1638 581 1718 ἔσχον,
596 1628 712 1719 ἀρχήν.

396 1742 535 1802 τοιαῦτα
549 1741 667 1801 τοίνυν
681 1731 905 1821 δηλωσάντων
922 1734 979 1801 καὶ
994 1734 1280 1820 έπιστειλάντωνζθ

294 1845 363 1907 των
376 1833 443 1906 ὑπὸ
464 1852 535 1917 ταῖς
549 1832 725 1917 ἀνατολαῖς
739 1832 929 1923 ἡγεμόνων,
950 1833 1034 1921 πρὸς
1052 1835 1113 1924 τήν
1135 1844 1252 1925 αἰφνί-

295 1947 371 2011 διον
390 1941 447 2009 καὶ
469 1936 548 2027 παρ’
570 1942 688 2008 ἐλπίδα
711 1950 932 2026 κομισθεῖσαν
951 1935 1110 2027 ἀγγελίαν
1130 1939 1171 2009 οά
1191 1969 1251 2030 με·

260 2073 280 2114 ιε
295 2052 395 2134 τρίως
414 2040 431 2112 δ
450 2039 664 2130 Ἀλέξανδρος
685 2041 868 2131 ἐταράχθη,
890 2043 946 2111 καὶ
971 2040 1112 2130 μάλιστα
1135 2046 1251 2135 εἰρήνη

294 2151 330 2217 ἐκ
345 2152 478 2216 παίδων
493 2148 667 2234 ἐντραφεὶς
683 2148 739 2214 καλ
754 2153 795 2236 τῇ
808 2143 890 2214 κατά
912 2143 974 2233 τήν
989 2143 1088 2215 πόλιν
1107 2144 1159 2216 ἀεὶ
1173 2169 1251 2235 σχο-

293 2250 396 2330 λάσας
409 2257 531 2338 τρυφή.
559 2247 599 2317 τά
613 2249 674 2336 μὲν
688 2240 751 2318 οὖν
767 2245 883 2336 πρῶτα
897 2251 1010 2330 ἔδοξεν
1023 2246 1114 2342 αὐτῷ
1128 2279 1250 2320 κοινω-

293 2355 426 2446 σαμένφ
440 2368 509 2432 τοῖς
523 2359 634 2439 φίλοις
646 2359 827 2440 πρεσβείαν
848 2352 973 2440 πέμψαι
993 2354 1049 2421 καὶ
1066 2352 1122 2422 διά
1141 2382 1248 2442 γραμ-

292 2457 407 2545 μάτων
424 2462 573 2525 κωλῦσαι
586 2454 647 2543 τήν
662 2452 769 2544 ὁρμήν
783 2457 839 2524 καὶ
853 2458 971 2523 ἐλπίδα
990 2462 1051 2524 τοῦ
1065 2456 1248 2544 βαρβάρου.

253 2586 277 2627 ω
293 2567 386 2648 ἔλεγε
406 2559 444 2628 δὲ
464 2556 504 2627 τά
525 2557 699 2647 γράμματα
721 2565 794 2627 δεῖν
814 2560 928 2645 μένειν
947 2584 982 2625 τε
995 2553 1100 2625 αὐτὸν
1121 2562 1158 2626 έν
1177 2573 1277 2639 τοῖςλ

290 2670 360 2733 τῶν
383 2668 481 2731 ίδίων
504 2657 595 2749 ὅροις
617 2663 674 2729 καὶ
693 2660 738 2748 μή
759 2675 971 2746 καινοτομεῖν
991 2659 1076 2747 μηδὲ
1094 2667 1247 2747 ματαίαις

290 2765 523 2854 αίωροήμενον
539 2768 648 2834 ἐλπίσι
661 2765 766 2852 μέγαν
780 2766 924 2850 ἐγείρειν
937 2762 1098 2850 πόλεμον,
1115 2760 1246 2854 ἀγαπη-

289 2876 354 2949 τοῖς
368 2896 405 2938 τε
420 2875 507 2956 ἔχειν
522 2870 662 2936 ἕκαστον
677 2864 717 2935 τὰ
730 2862 853 2935 αὑτοῦ·
867 2865 952 2955 μηδὲ
961 2863 1024 2957 γάρ
1040 2862 1159 2954 ὁμοίαν
1172 2874 1246 2938 έσε-

289 2983 373 3042 σθαι
393 2972 501 3060 μάχην
522 2968 612 3064 αὐτῷ
636 2968 719 3059 πρὸς
738 2966 916 3057 Ῥωμαίους
942 2974 1017 3039 οἵαν
1043 2985 1135 3058 σχεῖν
1162 2970 1246 3062 πρὸς

249 3097 275 3139 τε
291 3073 371 3156 τοὺς
385 3080 597 3164 γειτνιῶντας
616 3076 672 3143 καὶ
690 3070 882 3162 ὁμοφύλους
900 3074 1102 3165 βαρβάρους.
1123 3071 1246 3164 ὑπεμί-

288 3201 416 3268 μνησκε
432 3177 469 3246 δὲ
478 3175 518 3245 τά
531 3177 704 3266 γράμματα
718 3184 786 3247 τῶν
799 3205 835 3247 τε
848 3184 909 3247 τοῦ
923 3184 1098 3266 Σεβαστοῦ
1112 3180 1246 3248 καὶτῶν

291 3288 463 3372 Τραϊανοῦ
475 3288 625 3349 Λουκίου
645 3308 681 3350 τε
702 3283 759 3350 καὶ
772 3282 930 3370 Σεοήρου
946 3278 1018 3350 κατ’
1036 3278 1147 3352 αὐτῶν
1168 3310 1246 3373 τρο·

286 3394 411 3456 παίων.
443 3390 581 3453 τοιαῦτα
599 3384 660 3471 μὲν
681 3383 723 3471 δή
740 3412 815 3453 τινα
836 3382 853 3453 ὁ
871 3382 1085 3473 Ἀλέξανδρος
1102 3389 1246 3455 ἐπιστεί-

287 3498 348 3570 λας
363 3485 446 3582 ᾤετο
462 3494 592 3556 πείσειν
607 3480 629 3573 ή
643 3486 807 3574 φοβήσειν
819 3491 852 3568 ές
862 3486 898 3558 τδ
910 3483 1084 3575 ἡσυχάζειν
1092 3487 1152 3558 τὸν
1160 3490 1245 3577 βάρ-

246 3619 271 3661 εο
288 3600 412 3682 βαρον·
441 3585 459 3659 δ
474 3588 506 3660 δ’
523 3586 625 3659 οὐδέν
640 3616 671 3658 τι
692 3598 878 3679 φροντίζων
897 3598 964 3660 τοῖν
983 3593 1243 3679 ἐπεσταλμένων,
1258 3618 1274 3668 5

287 3693 404 3776 ὅπλοις
427 3690 503 3762 ἀλλ’
526 3689 568 3762 οὐ
590 3692 702 3781 λόγοις
728 3692 878 3781 οίόμενος
906 3699 980 3763 δεῖν
1004 3692 1044 3763 τά
1071 3693 1244 3782 πράγματα

287 3806 510 3886 διοικεῖσθαι,
537 3798 681 3869 ἐνέκειτο
699 3792 793 3888 ἀγων
809 3798 869 3870 καὶ
891 3799 1008 3893 φέρων
1027 3792 1263 3880 mmmmm

1053 3908 1125 3970 W*
