3134 4367
306 410 364 471 108
670 413 888 474 TETAPTON

210 641 213 647 ,
305 584 542 674 ἐπηωρημένου
555 581 614 653 τὸν
632 582 756 674 ἐχθρὸν
770 581 964 674 ἠμυνάμην·
986 589 1084 651 τοῦτο
1105 579 1170 670 γάρ
1189 577 1252 651 αὐ-

273 708 290 763 7
306 693 351 779 τῷ
365 683 511 775 τοῦνομα
521 690 636 758 ἐδίδου
649 686 690 756 τά
703 694 793 775 ἔργα.
818 684 903 776 ὑμᾶς
919 686 956 755 δέ
968 683 1030 773 χρὴ
1045 692 1177 777 πρῶτον
1193 685 1252 773 μὲν

302 800 396 871 θεοῖς
410 793 533 859 είδέναι
544 791 642 880 χάριν
655 787 705 860 ὅτι
725 786 789 859 κάν
807 789 865 859 τὸν
879 792 993 877 ἕτερον
1006 785 1086 877 ὑμῖν
1106 794 1174 857 τῶν
1188 796 1249 877 βα-

303 896 424 962 σιλέων
439 899 582 981 ἔσωσαν,
602 892 796 963 παύσασθαι
810 893 848 962 δὲ
858 888 922 981 ἤδη
936 890 992 973 τάς
1006 889 1113 979 ψυχάς
1126 893 1183 959 καὶ
1197 888 1253 971 τάς

303 994 436 1084 γυάμας
448 999 679 1085 διηρημένους,
697 999 730 1077 ἐς
743 998 803 1065 ἕνα
816 996 854 1065 δὲ
870 997 1052 1084 βλέποντας
1066 991 1253 1082 ἀμερίμνως
1267 1019 1279 1061 ε

303 1107 412 1188 βιοῦν.
439 1106 611 1188 βασιλείαν
625 1100 662 1169 δὲ
675 1096 804 1186 δΖεάς,
825 1095 936 1187 ὥσπερ
956 1094 1056 1178 αὐτὸς
1076 1104 1142 1184 ἔχει
1161 1103 1254 1166 θεων

302 1201 422 1290 μόνος,
436 1198 523 1271 οὕτω
540 1205 595 1271 καί
610 1199 802 1291 ἀνθρώπων
815 1204 865 1272 ένλ
879 1197 1023 1270 δίδωσι.”
1051 1206 1189 1269 τοιαῦτα
1207 1206 1255 1269 εί-

302 1303 376 1375 πιδν
397 1303 522 1394 μεγάλη
544 1312 624 1396 βοῇ,
654 1312 769 1393 θυμοῦ
795 1306 1066 1392 πεπληρωμένος,
1094 1306 1255 1391 βλέμματι

302 1413 414 1496 δριμεῖ
426 1404 564 1495 άφορῶν
578 1413 610 1490 ἐς
623 1407 703 1488 τούς
716 1412 848 1478 ἐκείνου
870 1415 1006 1495 φίλους,
1025 1405 1206 1495 τρέμουτάς
1218 1431 1254 1474 τε

301 1512 363 1603 οιαὶΙ
372 1508 560 1599 ὠχριῶντας
572 1508 649 1593 τοὺς
663 1520 838 1593 πλείστους
851 1509 1051 1597 καταλιπων,
1066 1507 1254 1599 ἀνέδραμεν
1273 1532 1308 1573 ιω

302 1617 335 1695 ἐς
347 1603 387 1683 τά
401 1621 563 1702 βασίλεια.
909 1613 911 1618 ’

267 1712 287 1774 6
405 1714 512 1797 εὐθὺς
525 1717 562 1787 δὲ
575 1716 694 1796 πάντες
715 1714 917 1808 ἐφονεύοντο
937 1720 972 1783 οί
985 1717 1117 1783 ἐκείνου
1137 1719 1259 1783 οίκεῑοί

282 1815 336 1888 Ιτε
355 1821 539 1907 καλκφίλοι,
561 1822 618 1889 καὶ
637 1826 672 1889 οί
689 1814 782 1899 ὄντες
808 1822 845 1888 ἐν
870 1833 939 1897 τοῖς
965 1824 1146 1906 βασιλείοις
1170 1824 1256 1886 ἔνθα

300 1925 425 2001 ἐκεῖνος
445 1920 537 2012 ᾤκει
565 1919 726 2010 ὑπηρέται
745 1949 781 1990 τε
802 1921 921 2000 πάντες
947 1917 1150 2010 άνηροῦντο·
1174 1916 1258 1990 οὐδέ

300 2052 349 2104 τις
362 2015 404 2110 ἦν
419 2022 524 2111 φειδῶ
540 2021 683 2113 ἡλικίας,
699 2021 780 2093 οὐδὲ
794 2027 889 2113 μέχρι
902 2031 1042 2111 νηπίων.
1058 2021 1098 2092 τά
1113 2022 1150 2093 δὲ
1163 2023 1254 2092 πτά-
1273 2053 1309 2097 15

300 2154 385 2214 ματα
409 2126 577 2217 φερόμενα
595 2125 675 2215 μεθ’
697 2122 827 2215 ὕβρεως
851 2122 956 2213 πάσης
983 2122 1119 2214 ἁμάξαις
1145 2129 1255 2196 έτιιτε-

301 2230 405 2298 θέντα
419 2233 475 2299 παλ
495 2232 555 2312 ἔξω
577 2237 634 2318 τῆς
654 2229 782 2309 πόλεως
802 2231 1004 2317 κομισθέντα
1023 2226 1177 2317 σωρηδὸν
1193 2258 1255 2299 τια-

272 2339 504 2422 Ξτεπίμπρατο
525 2327 695 2421 ἢὸπωσδη
715 2335 896 2422 ἐρρίπτετο.
949 2328 1062 2412 οὐδεὶς
1082 2332 1119 2401 δὲ
1139 2359 1255 2421 περιε-

301 2438 414 2524 γένετο
429 2443 497 2505 τῶν
510 2430 574 2504 κάν
587 2443 727 2525 μετρίως
741 2439 860 2528 ἐκείνω
880 2438 1113 2524 γνωσθέντων.
1144 2433 1255 2525 άθλη-

300 2540 355 2607 ταὶ
364 2538 402 2608 δὲ
415 2542 470 2608 καί
484 2535 610 2628 ἡνίοχοι
624 2536 805 2630 ὑποκριταί
818 2566 854 2608 τε
869 2538 975 2627 πάσης
987 2537 1113 2627 μούσης
1122 2540 1179 2607 καὶ
1192 2535 1252 2628 ὀρ-
1269 2564 1297 2606 w

300 2643 442 2731 χήσεως,
460 2650 527 2713 πᾶν
543 2670 578 2711 τε
598 2639 680 2733 ὅπερ
695 2645 821 2723 ἐκεῖνος
834 2638 882 2711 δι’
903 2639 1027 2731 ἡδονῆς
1048 2648 1121 2729 ἔσχε
1143 2645 1255 2731 θέαμα

300 2740 322 2832 ἢ
342 2742 509 2833 άκουσμα,
531 2752 753 2836 διεφθείρετο.
787 2752 845 2834 τῆς
866 2773 902 2814 τε
922 2743 1109 2832 συγκλήτου
1129 2751 1255 2834 βουλῆς

301 2844 373 2916 ὅσοι
392 2850 482 2935 γένει
502 2842 523 2936 ἢ
546 2850 679 2941 πλούτῳ
698 2845 892 2937 ὑπερεῖχον,
913 2850 967 2916 ἐπὶ
986 2847 1208 2936 βραχυτάταις
1233 2844 1255 2937 η’

301 2946 377 3018 οὐδ’
400 2945 607 3037 δυεστοίσαις
627 2958 746 3030 αίτίαις
765 2954 802 3019 ἑκ
828 2957 885 3037 τῆς
905 2950 1067 3038 τυχούσης
1085 2956 1252 3040 διαβολῆς,

269 3048 346 3133 3059
371 3055 502 3121 ἐκείνου
530 3061 641 3139 φίλοι,
668 3049 865 3141 άυηρούντο.
922 3053 982 3141 τήν
1008 3081 1043 3123 τε
1069 3054 1288 3140 Κομμόδουτο

300 3152 467 3243 ἀδελφήν,
482 3162 665 3244 πρεσβῦτιν
678 3150 741 3244 ἤδη
762 3156 818 3224 καὶ
837 3151 920 3244 πρὸς
940 3156 1075 3225 πάντων
1087 3160 1253 3245 βασιλέων

300 3254 344 3339 ὡς
362 3257 507 3344 Μάρτιον
527 3260 698 3345 θυγατέρα
717 3260 951 3346 τετιμημένηυ,
974 3256 1184 3350 ἀπέκτεινεν,
1200 3267 1253 3330 αί-

299 3369 375 3429 τίαν
388 3359 565 3449 ἐπαγαγών
585 3358 630 3442 ὦς
644 3361 838 3451 δακρυσάση
858 3359 948 3452 παρά
967 3369 1007 3452 τῇ
1027 3365 1127 3451 μητρὶ
1146 3360 1251 3433 αὐτοῦ

299 3465 355 3534 ἐπὶ
367 3469 414 3554 τῷ
429 3470 490 3532 τοῦ
506 3463 625 3545 παιδὸς
639 3464 743 3554 φόνῳ.
776 3465 837 3553 τήν
854 3492 890 3534 τε
908 3482 1052 3553 γυναῖκα
1066 3467 1250 3555 γενομένην

299 3567 437 3654 ἑαυτοῦ,
452 3574 668 3637 Πλαυτιανοῦ
682 3570 863 3656 θυγατέρα,
878 3560 984 3638 οὖσαν
994 3568 1031 3637 δὲ
1044 3572 1081 3639 ἐν
1096 3577 1247 3660 Σικελίᾳ,
1263 3596 1285 3639 τι

298 3665 358 3739 τόν
373 3696 409 3739 τε
428 3664 568 3753 άνεψιὸν
581 3668 685 3741 αὑτοῦ
700 3671 841 3763 Σεεήρῳ
855 3700 890 3741 τε
905 3669 1099 3760 ὁμώνυμον,
1121 3675 1179 3741 καὶ
1191 3670 1249 3742 τὸν

288 3778 502 3861 Περτίνακος
520 3773 612 3866 υίόν,
627 3780 684 3867 τῆς
699 3802 734 3846 τε
748 3774 929 3864 Κομμόδου
942 3771 1088 3863 άδελφης
1102 3781 1249 3847 Λονιιίλ·
