3134 4367
540 407 947 480 zTPATmoz,MB,n‘.
1184 416 1222 479 61

724 634 763 695 η.

264 749 315 817 [οι
336 750 414 802 τωο
435 750 569 807 nomm
589 752 665 805 τοα
685 752 908 805 ττεετωυοα
924 751 1027 804 ποτε
1043 752 1092 804 ‘ro
1109 755 1225 807 εοεαε

626 839 703 891 υαα
719 838 871 906 nom}
913 882 915 884 ,

315 1002 365 1064 18.
390 999 435 1062 Ec
455 994 491 1063 δὲ
513 994 555 1084 δή
573 1022 649 1065 τινα
667 992 887 1085 ἀκμάζουσαν
903 1002 952 1065 ἔτι
974 995 1098 1085 πλήθει
1113 1022 1150 1065 τε
1168 999 1224 1065 καλ

261 1096 404 1185 δυνάμει
418 1096 517 1167 πόλιν
528 1100 727 1189 ἐρρωμένως
741 1098 828 1170 ἔλων
842 1106 889 1179 είς
903 1098 1012 1187 φόβον
1025 1094 1046 1187 ἢ
1059 1094 1223 1170 ὑπόνοιαν

259 1199 351 1290 ἥκοι,
372 1202 417 1290 μή
430 1228 509 1271 ποτε
522 1201 605 1272 κατὰ
618 1202 767 1293 τάγματα
780 1207 838 1273 καί
850 1193 1041 1293 συστροφάς
1058 1198 1221 1273 ὑπαντιά-

258 1312 370 1389 ζοντες
388 1302 583 1393 ἀμύνωνται
596 1304 675 1387 τοὺς
689 1300 1000 1395 ἑπεισπίπτονταςή
1020 1304 1060 1375 τά
1074 1310 1223 1395 μετέωρα

258 1409 591 1498 καταλαμβανόμενοι
616 1411 672 1480 καὶ
702 1407 744 1479 τά
763 1408 850 1500 ἀκρα
875 1414 934 1499 τής
958 1407 1087 1489 πόλεως
1118 1417 1223 1479 ἔνθεν

258 1509 451 1583 ἀντεπίοιεν
464 1514 520 1582 ἐπὶ
534 1511 620 1582 πολύ
633 1513 844 1595 κακώσαντες
856 1511 935 1594 τούς
948 1519 1145 1602 πολεμίους,
1160 1540 1220 1602 κη-

259 1616 405 1705 ρυττέτω
412 1612 490 1697 τούς
498 1612 666 1697 ἀνόπλους
675 1616 720 1706 μὴ
729 1619 867 1688 κτεῖναι.
885 1614 1222 1705 19.έωςγάρὲκαστος

258 1723 382 1802 ἐλπίζει
396 1722 540 1808 ληφθεὶς
548 1719 791 1808 τεθνήξεσθαι,
806 1719 963 1809 βούλεται
974 1719 1125 1807 φθάνειν
1140 1717 1220 1805 δρά-

258 1844 319 1903 σας
352 1825 408 1892 καὶ
430 1822 568 1911 πάσχων
587 1820 673 1893 ἀλλά
691 1853 722 1893 τι
744 1825 802 1893 καὶ
826 1828 930 1913 δράν,
958 1828 1080 1892 πολλοί
1100 1820 1131 1891 τ’
1155 1820 1221 1911 ήδη

257 1934 437 2014 πολεμίους
462 1928 718 2014 είσκεχυμένους
744 1926 907 2016 ἐξήλασαν
933 1920 1031 2016 ήκαλ
1051 1922 1096 2015 μή
1117 1930 1219 2013 δυνη-

256 2031 376 2109 θέντες
397 2035 444 2110 είς
463 2026 646 2120 ἀκρόπολιν
662 2027 813 2121 ἐρυμνήν
826 2031 1093 2119 κατειλήθησαν,
1117 2036 1221 2099 ἐνθεν

257 2124 359 2212 αὖθις
385 2139 433 2213 είς
459 2133 564 2205 πόνον
583 2135 639 2203 καὶ
658 2141 890 2224 ταλαιπωρίαν
916 2133 1122 2221 κατέστησαν
1143 2130 1222 2212 τούς

256 2241 448 2323 πολεμίους,
463 2234 547 2306 ὥστε
562 2232 724 2327 δευτέραν
735 2237 992 2326 ἐπαναιρεῖσθαι
1000 2233 1220 2323 πολιορκίαν*

207 2404 210 2407 .
254 2334 341 2429 ήκαλ
351 2342 673 2428 πολυχρονιωτέραν,
688 2346 780 2410 ἔστιν
793 2337 830 2410 δ’
845 2338 900 2409 ὅτε
910 2338 1221 2427 καὶέπαλγεστέραν
1269 2355 1272 2363 ’

255 2440 338 2532 μετά
353 2449 477 2533 πολλῆς
491 2448 744 2531 πείραςκακοῖν.
765 2452 816 2513 20.
829 2449 862 2513 εί
874 2442 912 2514 δὲ
926 2447 1126 2530 διαβοηθείη
1142 2441 1220 2510 τόδε
1232 2468 1280 2519 127

255 2544 293 2616 τδ
306 2545 472 2636 κήρυγμα,
486 2546 569 2635 τάχα
581 2547 644 2636 μὲν
658 2548 714 2616 καλ
728 2545 860 2634 πάντες,
875 2541 920 2628 ὥς
934 2544 972 2615 δὲ
986 2544 1157 2634 πρόδηλον
1172 2550 1219 2615 εί-

255 2665 352 2736 πείν,
379 2654 472 2738 οἵγε
492 2656 630 2731 πλείους
652 2649 693 2720 τά
714 2647 801 2721 ὅπλα
813 2655 993 2743 ῥίψουσιν·
1022 2653 1092 2719 τόν
1105 2675 1143 2719 τε
1156 2647 1221 2736 γάρ

255 2756 475 2842 βουλομένων
497 2751 543 2824 δι’
567 2751 667 2844 ὀργῆς
691 2756 828 2835 ἕκαστος
848 2759 896 2835 είς
915 2751 1048 2842 ἀμυναν
1062 2753 1149 2821 ίέναι
1163 2759 1221 2822 δε·

256 2855 338 2937 διεδς
351 2855 410 2926 τὸν
425 2859 543 2941 πέλας,
560 2857 605 2948 μή
617 2883 698 2927 ποτε
711 2854 772 2947 ούγ
787 2859 895 2952 ἑαυτῷ
907 2851 1013 2926 ταύτὰ
1027 2860 1154 2947 φρονή,
1169 2859 1221 2945 ῥί·

254 2986 353 3029 πτειν
368 2958 677 3051 ἀναγκασθήσεται,
698 2960 800 3046 ὥστε,
816 2957 880 3033 κάν
894 2958 1018 3039 πάντες
1031 2959 1222 3048 βούλωνται

254 3060 296 3131 τά
309 3059 395 3132 ὅπλα
410 3064 611 3151 φυλάττειν,
635 3063 691 3134 διά
704 3062 767 3154 τήν
780 3063 864 3154 πρὸς
877 3062 1042 3153 ἀλλήλους
1055 3059 1223 3132 ὑπόνοιαν

254 3162 360 3235 αύτὸν
374 3169 514 3237 ἕκαστον
527 3166 679 3256 δεδιότα,
694 3167 738 3259 μή
752 3167 854 3258 μόνος
869 3165 1076 3255 ὡπλισμένος
1092 3170 1222 3255 ληφθή,

254 3268 417 3338 σπεύδειν
439 3266 686 3360 ἀποτιθέμενον
706 3314 752 3326 -
776 3277 812 3343 οί
838 3270 903 3362 γάρ
926 3267 1012 3354 όξείς
1031 3271 1140 3358 καιροὶ
1160 3266 1224 3359 τήν

254 3371 373 3464 κοινήν
392 3371 531 3462 γνώμην
551 3372 787 3463 φανεράνούκ
807 3379 885 3446 ἐῶσι
906 3382 1089 3462 γίγνεσθαι
1105 3411 1171 3458 -,
1191 3377 1226 3441 οἵ

255 3505 291 3546 τε
300 3481 425 3565 ἕτοιμοι
434 3474 517 3564 πρὸς
525 3474 562 3546 τό
570 3478 747 3565 σώζεσθαι,
761 3481 856 3567 μέχρι
865 3479 928 3568 μὲν
936 3474 1038 3548 οὐδέν
1047 3483 1094 3558 είς
1102 3479 1223 3546 ἐλπίδα

209 3611 212 3619 ·
255 3581 457 3672 κεκήρυκται
471 3588 652 3670 σωτηρίας,
674 3589 706 3651 εί
718 3583 774 3651 καὶ
787 3581 832 3672 μή
847 3581 980 3671 γνώμη,
1005 3584 1071 3645 ἀλλ’
1093 3577 1223 3666 ἀνάγκη

255 3682 293 3752 τό
308 3682 404 3754 ἐπιόν
420 3681 606 3775 ἀμύνονται
619 3685 725 3759 κακόν
778 3684 907 3759 πειδδιυ
923 3685 964 3753 δε
979 3681 1108 3769 mv
1121 3682 1256 3741 ελαίου

244 3786 481 3871 τούσωῒεσθαι
490 3791 667 3889 λάβωσιν,
677 3791 845 3872 ίκέταιτδ
861 3787 991 3865 λοιτδον
1008 3769 1288 3851 &mmmmm
