3134 4367
339 408 380 472 56
707 413 931 516 ΔΕΊῪΕλῗΟΝ

341 594 557 670 τιποιεῖσθαι,
580 577 658 651 οὐδ’
679 578 770 675 αὑτῶ
791 581 853 671 τῆν
880 586 1040 666 ἐξουσίαν,
1061 588 1227 671 μνᾶσθαι,
1250 580 1294 664 ῶς

290 702 323 755 11
340 690 457 757 θέλειν
469 688 661 768 ἐπεξελθεῖν
674 686 829 755 τοιούτου
843 689 1005 775 βασιλέως
1018 690 1140 773 αἵματι.
1181 682 1293 776 ῶσπερ

339 780 378 859 δέ
402 787 597 877 τὰσώματα
623 793 659 857 οί
678 793 785 859 ἐκεῖσε
804 787 981 879 ἅνθρωποι
1004 788 1235 877 γενναιότατοί
1259 793 1296 860 τέ

339 899 403 962 είσι
417 894 472 963 καὶ
485 891 568 978 πρὸς
581 890 684 981 μάχας
698 892 878 980 ἐπιτήδειοι
891 895 946 961 καὶ
957 892 1189 981 φονικώτατοι,
1205 890 1294 963 οὕτω

337 998 394 1065 καὶ
407 993 465 1077 τάς
479 1001 628 1075 διανοίας
646 1010 759 1082 παχεῖς
772 998 829 1064 καὶ
847 995 892 1084 μῆ
912 1000 1036 1088 ῥαδίως
1055 1012 1208 1065 συνεῖναι
1229 1002 1321 1066 δυ-5

337 1100 492 1188 νάμενοι,
514 1109 549 1168 εί
569 1127 600 1167 τι
621 1096 702 1185 μετὰ
729 1106 935 1187 πανουργίας
955 1094 978 1187 ῆ
998 1098 1102 1167 δόλου
1123 1101 1251 1186 λέγοιτο
1272 1096 1294 1189 ῆ

337 1203 522 1289 πράττοιτο.
537 1200 772 1282 πιστεύσαντες
781 1210 868 1290 γοῦν
880 1210 925 1295 τῷ
936 1202 1077 1296 Σευῆρφ
1087 1226 1293 1291 προσποιου-

336 1308 426 1397 μένφ
439 1311 651 1392 χαλεπαίνειν
664 1306 720 1374 καὶ
733 1307 849 1376 θέλειν
863 1309 1056 1388 ἐπεξελθεῖν
1070 1313 1116 1398 τῷ
1125 1313 1292 1395 Περτίνα-

336 1436 393 1488 κος
407 1407 501 1499 φόνῳ
516 1410 679 1476 ἐπέδοσαν
693 1403 833 1497 αὐτούς,
851 1406 895 1489 ῶς
911 1405 1139 1496 αὐτοκράτορά
1156 1437 1191 1477 τε
1207 1406 1292 1479 ἀπο-

288 1517 321 1569 12
336 1514 439 1593 δεῖξαι
454 1513 510 1579 καὶ
525 1507 587 1600 τῆν
600 1508 706 1601 ἀρχὴν
720 1514 909 1603 ἐγχειρίσαι.
963 1507 983 1581 δ
1007 1508 1039 1581 δ’
1062 1508 1107 1591 ῶς
1129 1519 1214 1608 ἔγνω
1230 1511 1292 1601 τῆν
1311 1540 1334 1580 ιο

335 1620 403 1685 τῶν
415 1614 574 1683 Παιόνων
588 1615 740 1703 γνώμην,
756 1619 916 1703 διέπεμπε
929 1617 986 1683 καὶ
999 1619 1031 1696 ές
1042 1612 1081 1682 τά
1095 1623 1293 1702 γειτνιῶντα

333 1722 419 1807 ἔθνη
436 1716 588 1807 καὶπρὸς
602 1719 727 1799 πάντας
743 1717 821 1800 τοὺς
842 1717 1002 1808 ἀρχοντας
1017 1724 1084 1787 τῶν
1098 1714 1157 1786 ὑπ’
1180 1717 1292 1813 ἀρκτφ

245 1819 247 1822 ’
329 1814 498 1910 Ῥωμαίοις
519 1820 752 1891 δουλευόντων
780 1826 909 1909 ε’θνῶν,
932 1822 1090 1910 μεγάλαις
1111 1849 1146 1889 τε
1165 1822 1292 1905 πάντας

306 1944 310 1960 ’
334 1919 595 2011 δποσχέσεσικαί
606 1928 736 1992 ἐλπίσιν
749 1921 946 1995 ἀναπείθων
957 1929 1079 2016 ῥᾳδίως
1090 1921 1290 2013 ὑπηγάγετο.

284 2036 319 2090 13
334 2026 535 2107 ἱκανώτατος
549 2021 581 2093 δ’
597 2017 640 2113 ῆν
654 2024 811 2097 ἀπάντων
826 2026 1018 2118 ἀνθρώπων
1030 2029 1170 2117 μάλιστα
1184 2050 1290 2118 προσ·
1309 2056 1332 2095 ιε

332 2128 540 2217 ποιήσασθαί
555 2155 591 2197 τε
603 2132 659 2198 καὶ
676 2130 906 2201 πιστώσασθαι
921 2127 1074 2219 εὔνοιαν,
1090 2130 1171 2218 μῆτε
1185 2128 1290 2219 ὅρκου

333 2232 549 2320 φειδόμενος,
567 2237 599 2301 εί
613 2235 684 2302 δέοι
701 2233 822 2305 τούτου
837 2241 1103 2323 καταφρονῆσαι,
1118 2233 1291 2323 ψευσάμε-

332 2362 390 2415 νος
404 2334 487 2421 πρὸς
500 2332 537 2405 τὸ
550 2341 724 2424 χρειῶδες,
742 2337 798 2406 διά
811 2366 846 2408 τε
860 2338 1006 2426 γλώττης
1020 2344 1152 2428 προίετο
1166 2333 1230 2408 ὅσα
1244 2336 1289 2427 μῆ

331 2444 453 2529 ἔφερεν
468 2441 522 2508 ἐπὶ
534 2438 677 2528 γνώμης.

283 2547 321 2608 10
434 2541 647 2631 θεραπεύσας
668 2533 731 2614 οὖν
752 2540 809 2612 διά
828 2540 1031 2632 γραμμάτων
1058 2542 1184 2622 πάντας
1210 2542 1289 2625 τούς
1306 2570 1332 2611 νο

328 2644 415 2716 κατά
427 2644 464 2716 τὸ
482 2642 665 2736 Ἰλλυρικὸν
683 2701 690 2715 .
707 2701 715 2715 .
732 2701 739 2716 .
758 2644 825 2737 άμα
843 2649 899 2716 καὶ
919 2644 1094 2735 ἀρχοντας,
1117 2646 1290 2734 προσηγά-

330 2776 406 2836 γετο
420 2746 551 2831 αὐτούς.
579 2747 742 2839 ἀθροίσας
755 2753 793 2821 δὲ
806 2749 883 2830 τούς
897 2749 1109 2837 πανταχόθεν
1123 2750 1289 2838 στρατιώ-

330 2880 404 2939 τας,
419 2853 574 2940 Σεεῆρόν
593 2881 630 2922 τε
649 2860 842 2943 Περτίνακα
863 2852 983 2923 ἑαυτὸν
1001 2850 1182 2940 ὀνομάσας,
1203 2848 1288 2943 ὅπερ

330 2950 372 3022 οὐ
391 2954 495 3043 μόνον
508 2952 622 3041 ῆλπιζε
642 2971 711 3036 τοῖς
726 2953 919 3043 Ἰλλυρικοῖς
941 2955 1026 3025 εἶναι
1039 2958 1288 3045 ,κεχαρισμένον

329 3052 413 3126 ἀλλά
426 3058 482 3125 καλ
495 3063 541 3150 τῷ
552 3057 645 3150 δῆμφ
655 3065 722 3126 τῶν
731 3053 900 3146 Ῥωμαίων
909 3057 966 3127 διά
979 3058 1040 3146 τῆν
1053 3063 1185 3128 ἐκείνου
1199 3060 1285 3148 μνῆ·
1303 3087 1330 3129 νε

328 3186 411 3247 μην,
427 3161 632 3249 συγκαλέσας
648 3188 684 3230 τε
701 3158 826 3241 αὐτοὺς
847 3165 880 3241 ές
901 3158 939 3230 τὸ
956 3168 1088 3251 πεδίον,
1104 3163 1160 3231 καὶ
1175 3162 1286 3251 βῆμα-

328 3290 383 3343 τος
396 3258 487 3355 αότῷ
501 3258 663 3354 ἀρθέντος
677 3259 833 3334 ἀνελθών
847 3267 935 3347 ἔλεξε
948 3264 1067 3336 τοιάδε.

296 3386 314 3439 2
425 3361 484 3436 “τὸ
498 3364 616 3436 πιστὸν
629 3362 725 3456 ὑμῶν
744 3369 801 3436 καὶ
821 3366 903 3457 πρός
923 3396 958 3437 τε
973 3367 1077 3449 θεοὺς
1090 3368 1284 3458 σεβάσμιον,

328 3462 388 3549 οῶς
403 3464 544 3557 όμνυτε,
568 3469 650 3559 πρός
664 3498 699 3539 τε
719 3473 874 3559 βασιλέας
892 3479 1018 3559 τίμιον,
1039 3469 1098 3552 οδς
1119 3478 1283 3560 αἰδεῖσθε,

327 3571 536 3661 δεδηλώκατε
556 3568 601 3641 δι’
619 3563 667 3642 ῶν
688 3569 902 3663 ἀγανακτεῖτε
924 3572 979 3664 ἐφ’
998 3571 1047 3656 οἷς
1063 3581 1098 3644 οί
1115 3573 1199 3644 κατά
1219 3573 1282 3663 τῆν
1299 3608 1326 3649 ιο

321 3670 447 3765 Ῥώμην
460 3682 672 3765 στρατιῶται,
687 3684 817 3766 πομπῆς
833 3684 959 3768 μᾶλλον
980 3674 1001 3765 ῆ
1021 3675 1178 3769 ἀνδρείας
1192 3674 1282 3766 ὑπη-

269 3780 425 3881 Ιμέται,
442 3780 637 3871 ἐτόλμησαν.
667 3776 768 3873 κάμοὶ
782 3781 819 3855 δὲ
840 3778 887 3853 δι’
905 3778 1003 3871 εὐχῆς
1016 3783 1100 3870 ἐστί,
1115 3780 1281 3873 πρότερον
