3134 4367
665 433 882 493 TETAPTON
1188 435 1245 496 109

292 618 347 699 λης
360 607 455 694 υίόν,
473 608 529 677 καὶ
546 616 580 675 εί
589 634 621 676 τι
634 609 731 695 γένος
744 598 788 696 ἦν
807 605 981 696 βασιλικόν
1000 603 1021 696 ἢ
1040 611 1077 677 ἐν
1095 606 1243 698 συγκλή-

291 741 335 806 τῳ
355 714 389 793 ἐξ
409 707 621 797 εὐπατριδῶν
638 719 857 799 καταβαῖνον,
872 718 939 780 πᾶν
960 712 1122 794 ἐξέκοψεν.
1153 718 1187 792 ἐς
1209 724 1276 780 τελ

291 815 329 885 τά
344 821 430 901 ἐθνη
445 815 594 901 πέμπων,
602 808 766 900 ἡγεμόνας
774 841 810 883 τε
820 816 875 883 καὶ
890 813 1087 902 ἐπιτρόπους
1102 811 1145 894 ὡς
1158 818 1246 883 ἐκεί-

291 946 353 988 νου
375 924 498 1005 φίλους
516 915 642 995 πάντας
662 916 868 1004 διεχρήσατο.
901 916 991 986 πάσά
1009 944 1044 985 τε
1065 915 1126 999 νὺξ
1147 923 1245 1005 ἔφερε

270 1018 421 1109 τφόνους
443 1024 667 1088 παντοδαπῶν
685 1015 888 1107 ἀνθρώπων.
922 1019 980 1100 τάς
998 1047 1034 1089 τε
1050 1026 1108 1106 τῆς
1121 1014 1247 1099 Ἑστίας

292 1131 415 1213 ἱερείας
439 1122 543 1206 ζώσας
566 1120 776 1209 κατώρυττεν
799 1117 843 1203 ῶς
866 1120 911 1212 μὴ
934 1121 1165 1212 φυλαττούσας
1186 1120 1247 1207 τὴν

290 1233 491 1315 παρθενίαν.
527 1223 565 1294 τό
587 1224 625 1293 δὲ
640 1233 830 1293 τελευταῖον
850 1228 906 1295 καὶ
927 1225 1052 1315 μήποτε
1066 1225 1248 1312 γενόμενον

291 1338 408 1419 ἔργον·
432 1333 658 1415 ἱπποδρομίαν
675 1328 737 1415 μὲν
758 1330 894 1415 ἐθεᾶτο,
916 1326 1092 1409 άπέσκωψε
1111 1329 1151 1396 δέ
1163 1355 1195 1396 τι
1211 1324 1248 1394 τό

291 1441 422 1521 πλῆθος
435 1434 469 1511 ἐς
490 1427 626 1518 ἡνίοχον
646 1432 722 1516 περὶ
742 1426 782 1500 δν
803 1433 929 1512 ἐκεῖνος
945 1431 1161 1501 ἐσπουδάκει·
1178 1425 1250 1498 δδδ

257 1575 279 1617 10
292 1537 421 1625 οἰηθεὶς
443 1530 545 1615 αὐτὸς
562 1530 726 1623 ὑβρίσθαι
746 1530 878 1603 κελεάει
898 1541 944 1627 τῶ
964 1534 1087 1623 πλήθει
1102 1554 1248 1622 προσπε-

292 1655 365 1710 σεῑν
378 1635 416 1707 τὸ
432 1637 629 1725 στράτευμα,
640 1634 781 1723 άπάνειν
797 1664 832 1705 τε
846 1638 902 1706 καὶ
922 1637 1082 1726 φονεύειν
1096 1635 1174 1716 τούς
1187 1663 1249 1704 κα-

292 1750 359 1823 κῶς
372 1739 434 1810 τὸν
447 1737 582 1829 ἡνίοχον
598 1738 760 1819 εἰπόντας.
787 1745 822 1808 οί
836 1740 873 1809 δέ
887 1746 1083 1828 στρατιῶται
1096 1746 1157 1809 τοῦ
1171 1738 1247 1826 βιά-
1263 1757 1280 1809 5

293 1851 412 1931 ζεσθαί
435 1872 471 1912 τε
497 1845 554 1911 καὶ
582 1840 741 1930 ἁρπάζειν
762 1843 921 1931 λαβόντες
947 1846 1115 1929 ἐξουσίαν,
1139 1838 1250 1911 οὐκέτι

295 1954 525 2035 διακρίνοντες
537 1952 625 2026 τίνες
638 1936 724 2034 ἦσαν
739 1951 774 2014 οί
785 1949 1047 2035 προπετέστερον
1060 1945 1250 2035 φθεγξάμε-

257 2084 280 2125 15
295 2080 348 2121 νοι
363 2053 435 2131 (καὶ
449 2047 513 2139 γάρ
527 2040 570 2138 ἦν
584 2045 753 2138 εὑρίσκειν
767 2045 934 2119 άδόνατον
947 2054 984 2120 ἐν
998 2049 1091 2143 δήμῳ
1104 2050 1250 2140 τοσούτῳ

294 2152 439 2244 μηδενὸς
452 2150 725 2240 ὁμολογοῦντος),
740 2149 887 2241 ἀφειδῶς
901 2152 978 2234 τούς
991 2153 1252 2241 ἐντυγχάνοντας

296 2256 480 2346 άπάγοντες
490 2253 649 2345 άνῄρονν,
662 2250 936 2346 ἢάφοιιροόμενοι
946 2253 1031 2345 άπερ
1040 2255 1130 2344 είχον
1139 2252 1250 2343 ῶσπερ

297 2361 401 2448 λύτρα
412 2361 508 2448 μόλις
522 2362 706 2445 ἐφείδοντο.

379 2469 517 2533 τοιαῦτα
531 2461 573 2550 δὴ
587 2458 750 2550 πράττων,
765 2458 832 2531 ὑπό
846 2489 881 2530 τε
893 2467 952 2549 τῆς
967 2468 1034 2529 τῶν
1048 2469 1156 2550 ἔργων
1169 2483 1253 2528 συν·
1267 2473 1286 2529 7

260 2595 284 2636 το
299 2570 398 2647 ε’σεως
416 2566 638 2654 ἐλαυνόμενος
657 2566 713 2633 καί
733 2563 816 2652 πρὸς
829 2563 891 2650 τὴν
904 2568 941 2633 ἐν
955 2570 995 2652 τῇ
1009 2563 1103 2633 πόλει
1125 2568 1253 2649 διατρι-

298 2668 362 2758 βὴν
383 2667 539 2756 άπεχθῶς
559 2675 663 2755 ἔχων,
685 2663 896 2754 άποδημῆσαι
916 2672 974 2752 τῆς
989 2662 1110 2754 Ῥώμης
1127 2662 1253 2753 ἠθέλη-

298 2795 356 2842 σεν
371 2770 416 2853 ῶς
431 2770 472 2860 δὴ
487 2772 667 2860 διοικήσειν
679 2768 720 2840 τά
741 2772 778 2838 ἐν
799 2784 866 2848 τοῖς
885 2771 1119 2857 στρατοπέδοις
1139 2770 1194 2838 καὶ
1214 2767 1254 2838 τόν

299 2883 384 2965 ἔθνη
398 2874 610 2962 ἐποψόμενος.
638 2870 768 2965 άπάρας
782 2872 819 2942 δὲ
833 2879 890 2960 τῆς
906 2867 1052 2960 Ἰταλίας,
1067 2875 1125 2942 ἐπί
1135 2899 1170 2940 τε
1183 2888 1283 2954 ταῑςλ

300 2977 417 3070 ὄχθαις
429 2985 490 3048 τοῦ
505 2974 637 3066 Ἴστρου
654 2977 848 3065 γενόμενος,
864 2975 978 3069 διώκει
991 2974 1033 3062 δὴ
1048 2973 1087 3045 τά
1104 2973 1258 3068 άρκτῷα..
1271 3007 1305 3041 ιιι

263 3114 286 3155 τι
301 3073 357 3169 τῆς
376 3080 479 3170 ἀρχῆς
503 3084 603 3169 μέρη,
625 3081 792 3169 γυμνάσια
812 3086 872 3148 τοῦ
895 3080 1045 3167 σώματος
1059 3079 1256 3167 ποιούμενος

296 3182 466 3273 ’ἡνιοχείας
480 3186 536 3252 καὶ
549 3192 682 3272 θηρίων
701 3189 925 3253 παντοδαπῶν
939 3181 1107 3271 συστάδην
1122 3179 1257 3272 άναιρέ-

300 3310 385 3375 σεις,
400 3288 544 3370 δικάζων
557 3287 618 3374 μέν
631 3294 797 3373 σπανίως,
816 3284 904 3373 πλὴν
917 3293 1036 3373 νοῆσαι
1049 3285 1086 3355 τό
1100 3286 1257 3374 κρινόμε-

300 3420 361 3461 νον
374 3389 506 3480 εόφνὴς
526 3380 570 3478 ἦν
590 3386 753 3471 εάθίκτως
774 3416 810 3460 τε
829 3387 912 3477 πρὸς
933 3386 972 3457 τά
994 3391 1155 3475 λεχθέντα
1175 3387 1257 3458 άπο-

301 3503 493 3583 κρίνασθαι.
547 3488 733 3586 ᾠκειώσατο
747 3492 786 3561 δὲ
804 3494 860 3560 καὶ
874 3491 998 3573 πάντας
1011 3490 1089 3573 τούς
1105 3495 1256 3562 ἐπέκεινα
1270 3517 1288 3568 3

266 3625 289 3670 ιο
304 3597 513 3687 Γερμανούς,
533 3604 567 3677 ἐς
590 3622 626 3664 τε
653 3602 769 3682 φιλίαν
787 3591 992 3682 ὑπηγάγετο,
1020 3591 1065 3676 ώς
1088 3597 1145 3663 καὶ
1172 3618 1257 3680 συμ-

303 3701 428 3790 μάχους
442 3697 522 3789 παρ’
540 3696 653 3769 αὐτῶν
674 3704 790 3785 λαβεῖν
809 3700 865 3766 καὶ
885 3705 945 3767 τοῦ
966 3697 1115 3786 σώματος
1136 3698 1257 3765 ἑαυτοῦ
1314 3701 1319 3714 ’

305 3802 475 3894 φρουροὺς
487 3803 705 3892 ποιήσασθαι,
720 3808 902 3891 γενναίους
914 3830 951 3875 τε
965 3803 1026 3872 καὶ
1039 3795 1192 3889 &Qum
1202 3799 1281 3863 ἐπι-
