3134 4367
303 420 362 483 142
382 481 387 496 ,
667 420 889 480 ΠΕΜΠΤΟΝ

300 604 423 684 μεσθαι
443 607 511 671 τοῖς
530 589 744 679 στρατιώταις
762 589 932 680 κρύβδην,
952 586 1042 671 ὅπως
1062 586 1176 659 αὐτῶν
1197 586 1256 679 τήν

300 695 384 786 πρὸς
396 692 455 765 τὸν
473 691 689 782 Ἁλέξανδρον
706 691 843 764 εύνοιαν
857 697 913 763 καὶ
934 692 990 763 διὰ
1010 692 1204 784 χρημάτων,
1226 696 1256 773 ἐς

301 797 322 869 ἃ
335 800 474 889 μάλιστα
487 794 745 886 ἀποβλέπουσιν,
762 798 981 886 οίκειῶσηται.

402 909 505 970 ταῦτα
532 899 574 989 δή
603 896 620 969 ὁ
651 896 848 981 Ἀντωνῖνος
873 900 1131 988 πυνθανόμενος
1158 902 1255 969 παντὶ

301 1005 411 1098 τρόπφ
434 1005 636 1092 ἐπεβούλευε
657 1010 702 1095 τῷ
719 1000 924 1095 Ἀλεξάνὸρφ
945 1006 1001 1073 καλ
1021 1010 1060 1093 τῇ
1079 1005 1180 1091 μητρὶ
1195 1000 1278 1072 αύ-ε

299 1116 374 1178 τοῦ·
396 1106 480 1177 ἀλλα
494 1136 551 1186 τας
565 1105 744 1193 επιβουλὰς
765 1107 871 1187 πάσας
891 1103 1029 1194 ἀπείργέ
1048 1134 1082 1175 τε
1103 1108 1159 1174 καλ
1175 1106 1257 1175 ἐκῶ-

300 1221 382 1281 λυεν
397 1209 417 1300 ή
431 1208 527 1298 κοινή
540 1209 654 1298 μάμμη
669 1205 868 1299 ἀμφοτέρων
883 1218 1009 1297 Μαῐσα,
1023 1207 1110 1297 γυνή
1125 1212 1183 1278 καὶ
1199 1206 1257 1279 ἀλ-

300 1325 365 1395 λως
381 1311 533 1401 ἐντρεχής
550 1315 659 1403 καλιῇ
676 1321 833 1405 βασιλείῳ
848 1310 935 1402 αύλή
953 1320 1086 1381 πολλῶν
1102 1315 1188 1379 ἐτῶν
1203 1316 1257 1381 ἐν·

300 1424 520 1505 διαιτηθεῐσα,
531 1412 588 1485 ἀπε
601 1422 658 1503 τῆς
667 1416 821 1504 Σευήρου
835 1414 994 1503 γυναικὸς
1004 1413 1143 1502 Ἰουλίας
1159 1412 1255 1484 ἀδελ-

301 1518 348 1610 φή
368 1522 530 1609 γενομένη
552 1521 609 1589 καὶ
627 1517 667 1588 τά
686 1519 792 1589 πάντα
814 1516 878 1589 σὺν
895 1516 980 1609 αύτή
1001 1523 1037 1587 ἐν
1064 1534 1133 1597 τοῖς
1160 1527 1256 1607 βασι·
1271 1537 1290 1575 ¹⁰

269 1634 287 1686 4
302 1631 403 1703 λείοις
417 1628 627 1709 διατρίψασα.
681 1620 783 1692 ούὸἐν
801 1613 864 1691 ούν
883 1619 990 1710 αύτήν
1010 1622 1177 1691 ἐλάνθανε
1190 1628 1256 1691 τῶν

213 1743 215 1748 ’
301 1724 368 1796 ὑπὸ
384 1734 444 1796 τοῦ
462 1722 664 1795 Ἀντωνίνου
678 1728 945 1814 βουλευομένων,
962 1725 1063 1813 φύσει
1079 1753 1114 1805 τε
1128 1725 1255 1812 χαύνου

300 1830 359 1899 τὸν
374 1829 498 1918 τρόπον
513 1826 625 1915 ὄντος,
640 1832 695 1897 καὶ
711 1824 859 1916 ἀφειδῶς
873 1828 980 1897 πάντα
994 1831 1049 1897 καὶ
1064 1836 1220 1915 φανερῶς
1235 1824 1256 1897 ἀ

300 1932 496 2020 ἐβουλεύετο
518 1932 748 2018 λέγοντοςκαὶ
771 1931 980 2019 πράττοντος.
1017 1928 1060 2011 ῶς
1079 1932 1116 2000 δὲ
1140 1931 1180 2001 τὰ
1199 1939 1255 2019 της

299 2039 478 2121 ἐπιβουλῆς
505 2030 595 2125 αύτῷ
622 2030 663 2101 ού
684 2033 885 2122 προεχῶρει,
909 2042 1097 2122 παραλῦσαι
1120 2042 1178 2121 τής
1195 2042 1254 2103 τού
1270 2049 1287 2089 ¹⁵

300 2144 467 2225 Καίσαρος
480 2144 574 2224 τιμής
588 2132 732 2223 ήθέλησε
746 2135 805 2205 τὸν
819 2143 938 2224 παῖδα,
954 2140 1009 2206 καλ
1030 2134 1108 2206 ούιε
1128 2142 1166 2207 ἐν
1186 2154 1255 2217 ταῖς

300 2238 604 2328 προσαγορεύσεσιν
619 2234 697 2307 ούτε
717 2242 754 2308 ἐν
774 2256 845 2320 ταῖς
865 2240 1022 2329 προόὸοις
1041 2238 1255 2329 Ἀλέξανδρος

269 2360 286 2409 5
301 2346 441 2431 ἐτιμᾶτο.
493 2348 528 2411 οί
540 2343 577 2410 δὲ
591 2349 788 2429 στρατιῶται
809 2343 986 2431 ἐπεζήτουν
1004 2372 1040 2412 τε
1054 2341 1178 2430 αὐτόν,
1200 2346 1255 2413 καὶ

300 2442 512 2534 ἠγανάκτουν
533 2442 584 2515 ὅτι
604 2446 646 2534 δή
667 2453 724 2533 τῆς
744 2442 846 2533 ἀρχῆς
865 2454 1088 2535 παραλυθείη.
1123 2450 1254 2517 ὃιεσκέ-

300 2556 380 2619 ὃασε
395 2545 463 2620 δέὃ
480 2546 677 2629 Ἀντωνῑνος
690 2551 746 2618 καλ
760 2549 875 2638 φήμην
894 2546 938 2630 ῶς
955 2557 1015 2619 τού
1032 2548 1253 2640 Ἀλεξάνδρου
1269 2577 1290 2616 ω

299 2654 520 2743 τεθνήξεσθαι
539 2656 731 2742 μέλλοντος,
748 2652 889 2723 ἐποιεῖτό
910 2680 944 2722 τε
963 2649 1151 2741 ἀπόπειραν
1164 2650 1254 2733 ὅπως

298 2767 450 2826 οἴσουσιν
465 2762 500 2825 σί
517 2764 713 2845 στρατιῶται
733 2754 769 2826 τὸ
791 2756 1038 2845 θρυλούμενον.
1075 2765 1111 2826 οἳ
1129 2753 1163 2824 δ’
1182 2759 1254 2826 ἐπεὶ

297 2858 377 2946 μήτε
393 2856 451 2927 τὸν
465 2865 568 2927 παῖδα
587 2866 729 2947 ἔβλεπον
742 2855 809 2927 ύπύ
822 2887 857 2927 τε
877 2867 933 2946 τῆς
947 2860 1058 2947 φήμης
1070 2859 1127 2940 τὰς
1145 2859 1254 2947 ψυχὰς

298 2961 509 3049 ε’τρῶθησαν,
524 2957 810 3049 ἀγανακτήσαντες
827 2957 904 3030 ούτε
919 2961 979 3049 τήν
992 2963 1125 3050 συνήθη
1142 2991 1253 3052 φρου-

297 3062 362 3152 ράν
384 3071 534 3152 ἔπεμψαν
553 3071 599 3155 τῷ
613 3060 818 3155 Ἀντωνίνφ,
838 3069 1112 3147 κατακλείσαντές
1131 3095 1167 3135 τε
1188 3063 1253 3136 αύ-
1267 3086 1289 3128 2⁵

297 3166 375 3261 τούς
402 3171 439 3236 ἐν
465 3174 510 3257 τῷ
538 3168 750 3257 στρατοπέδῳ
773 3164 833 3235 τὸν
857 3164 1072 3260 Ἁλέξανδρον
1104 3172 1141 3237 ἐν
1172 3175 1252 3261 ίερρό

268 3265 413 3356 θήξίονν
427 3276 523 3338 ίὸεῑν.
575 3264 642 3338 ὁδ’
662 3264 859 3349 Ἀντωνῖνος
879 3274 916 3339 ἐν
931 3275 999 3342 δέει
1019 3279 1130 3363 πολλῶ
1153 3275 1252 3361 γενό-

296 3400 412 3460 μενος,
438 3370 642 3461 παραλαβῶν
668 3370 726 3441 τὸν
748 3369 980 3463 Ἁλέξανδρον,
1001 3378 1252 3463 συγκαθεσθεὶς

296 3472 387 3568 αύτῷ
401 3478 437 3544 ἐν
451 3483 496 3568 τῷ
510 3483 670 3567 βασιλικῷ
686 3483 828 3569 φορείφ,
846 3473 928 3568 ὅπερ
945 3476 1001 3548 διὰ
1018 3486 1146 3566 χρυσοῦ
1167 3489 1250 3549 πολ-

295 3586 357 3648 λοῦ
378 3580 434 3647 καλ
457 3587 566 3649 λίθων
587 3587 706 3668 τιμίων
727 3587 937 3669 πεποίκιλτο,
959 3588 1127 3669 κατῆλθεν
1155 3587 1188 3664 ἐς
1212 3582 1248 3652 τὰ
1264 3608 1287 3647 ω

295 3681 520 3773 στρατόπεδον
540 3681 605 3751 σύν
623 3691 669 3776 τῶ
686 3680 901 3778 Ἀλεξάνδρῳ.
940 3681 984 3765 ῶς
1001 3686 1039 3754 δὲ
1058 3681 1249 3769 ἀνοίξαντες

290 3784 349 3867 τῶς
359 3786 471 3871 πύλας
484 3788 637 3872 ἐδέξαντο
656 3784 779 3870 αύτούς
793 3794 827 3869 ἐς
845 3816 879 3859 τε
898 3785 956 3856 τὸν
971 3787 1059 3858 νεῶν
1072 3796 1133 3859 τοῦ
1147 3812 1249 3881 στρα-
