3134 4367
708 399 883 459 ΠΡΩΤΟΝ
1231 402 1267 461 17

308 595 364 643 σιν
379 578 448 641 τῶν
462 570 609 653 ἐνδόξων
623 566 835 657 ἀγωνιστῶν,
857 573 913 640 καὶ
932 570 1036 642 αὐτοῦ
1055 574 1117 663 μέν
1140 599 1266 664 προκα-

308 684 470 755 θίσαντος
484 678 521 744 έν
540 678 581 763 τῇ
599 680 758 767 βασιλείῳ
778 677 878 767 ἕδρᾳ,
899 682 1135 767 πληρωθέντος
1149 679 1187 747 δέ
1207 686 1268 747 τοῦ

307 780 458 868 θεάτρου
472 774 554 869 μετὰ
572 775 678 865 πάσης
693 775 886 867 εὐκοσμίας,
908 784 977 848 τῶν
990 807 1026 847 τε
1039 782 1076 849 έν
1090 779 1266 864 άξιιόσεσιν

308 888 347 954 έν
362 884 539 971 ἐξαιρέτοις
552 884 665 970 ἕδραις
678 884 734 950 καὶ
750 876 794 961 ὡς
805 881 952 963 ἑκάστοις
967 885 1153 954 διετέτακτο
1168 890 1263 976 ίδρυ-

281 1022 296 1063 ⁶
309 989 433 1077 μένων,
448 992 529 1076 πρίν
545 1012 577 1053 τι
591 987 750 1072 λέγεσθαι
769 979 790 1073 ή
804 984 1011 1074 πράττεσθαι
1032 987 1086 1055 ἐπὶ
1106 993 1163 1077 τής
1183 1010 1263 1078 σκη-

305 1097 367 1180 νής
381 1087 467 1179 ιἰνήρ
489 1087 678 1177 φιλοσόφου
698 1092 813 1177 φέρων
833 1094 940 1177 σχήμα
960 1088 1121 1180 (βάκτρον
1138 1088 1201 1180 γάρ
1222 1084 1265 1180 ήν

306 1191 398 1286 αύτῷ
412 1190 494 1282 μετά
506 1208 618 1280 χεῖρας
623 1244 633 1278 ,
650 1187 826 1284 ήμιχύμνφ
835 1220 871 1260 τε
885 1188 975 1287 αύτῷ
990 1192 1150 1283 έκκρεμής
1164 1194 1267 1283 πήρα)

307 1296 514 1386 είσδραμιόν,
529 1297 586 1364 καὶ
599 1293 677 1374 στάς
691 1298 728 1364 ἐν
741 1296 824 1384 μέση
837 1301 877 1384 τῇ
891 1302 1008 1385 σκηνή,
1018 1303 1065 1390 τῷ
1077 1325 1113 1366 τε
1126 1302 1184 1386 τῆς
1196 1325 1264 1384 χει-

307 1399 365 1491 ρδς
377 1400 516 1488 νεύματι
538 1396 597 1468 τόν
613 1404 719 1488 δήμον
738 1399 975 1486 κατασιχάσας,
993 1396 1057 1469 “ού
1077 1406 1297 1490 πανηγυρί-4

266 1541 291 1582 10
307 1512 376 1589 ζειν
396 1526 449 1572 σοι
468 1499 597 1590 καιρός”
619 1508 684 1591 έφη
701 1497 881 1591 “Κόμμοδε
899 1509 981 1589 νῦν,
1000 1502 1080 1573 οὐδὲ
1099 1507 1196 1584 θέαις
1210 1505 1267 1573 καλ

308 1612 437 1697 ἑορταῖς
451 1601 637 1693 σχολάζειν·
661 1607 823 1675 ἐπίκειται
843 1605 906 1694 γάρ
924 1629 986 1693 σου
1006 1624 1074 1688 τοῖς
1094 1604 1207 1695 αὐχέσι
1228 1605 1266 1676 τό

305 1717 367 1780 τοῦ
379 1715 569 1799 Περεννίου
583 1712 693 1797 ξίφος,
707 1710 763 1777 καὶ
778 1714 810 1777 εί
822 1706 866 1797 μή
882 1708 1012 1798 φυλάξῃ
1026 1716 1189 1779 κίνδυνον
1203 1707 1269 1785 ούκΙ

307 1812 582 1902 ἐπαιωρούμενον
601 1808 675 1881 ἄλλ’
696 1808 761 1900 ήδη
782 1812 948 1901 παρόντα,
970 1812 1081 1902 λήσεις
1100 1810 1264 1902 ἀπολόμε-

307 1946 374 1997 νος.
404 1913 503 1995 αύτός
516 1943 552 1985 τε
568 1913 631 2005 γάρ
646 1918 796 1984 ἐνταῦθα
811 1916 956 2005 δύναμιν
975 1919 1030 1986 έπλ
1048 1918 1100 1986 σοὶ
1113 1918 1169 1985 καὶ
1182 1917 1262 2007 χρή-

264 2050 289 2091 ιε
307 2048 393 2110 ματα
402 2018 563 2109 ἀθροίζει,
573 2024 608 2089 οἵ
618 2047 654 2089 τε
665 2025 782 2099 παῖδες
792 2017 955 2113 αὐτῷτὴν
968 2017 1154 2111 Ἰλλυρικὴν
1163 2041 1262 2112 στρα-

304 2122 381 2194 τιάν
400 2121 655 2193 ἀναπείθουσιν.
709 2130 740 2191 εί
759 2122 797 2192 δέ
813 2121 857 2212 μή
877 2122 1031 2211 φθάσεις,
1048 2121 1262 2213 διαφθείρη.”

305 2233 409 2298 ταῦτα
425 2226 577 2306 εἰπόντος
590 2223 705 2311 αύτού,
717 2236 783 2295 είτε
797 2222 864 2295 ὑπό
877 2255 966 2306 τινος
981 2234 1156 2316 δαιμονίου
1164 2227 1264 2315 τύχης
1279 2245 1295 2295 5

307 2335 535 2417 ἐπειχθέντος,
552 2340 617 2399 είτε
631 2330 687 2397 καὶ
706 2330 930 2419 τολμήσαντος
948 2335 1004 2399 ἵνα
1024 2331 1123 2413 δόξαν
1145 2328 1264 2420 ἄρηται

306 2434 471 2527 πρότερον
484 2431 652 2519 άγυωστος
670 2435 726 2502 καί
747 2431 871 2522 άσημος
894 2431 959 2519 όν,
983 2444 1050 2503 είτε
1069 2437 1264 2513 ἐλπίσαντος

263 2563 291 2603 ιο
307 2536 447 2627 άμοιβής
460 2535 697 2625 μεγαλοδώρου
716 2537 894 2619 τεύξεσθαι
915 2535 1005 2625 παρδι
1017 2542 1078 2606 τού
1091 2538 1263 2624 βασιλέως,

306 2640 433 2730 άφασία
459 2638 519 2710 τδν
533 2639 725 2727 ’Κόμμοδον
751 2639 1008 2727 καταλαμβάνει.
1058 2639 1115 2707 καὶ
1143 2637 1264 2717 πάντες
1303 2681 1306 2686 -

305 2742 508 2814 ύπιόπτευου
521 2743 584 2831 μέν
596 2740 637 2811 τά
650 2744 829 2830 λεχθέντα,
850 2741 1021 2811 πιστεύειν
1036 2742 1073 2811 δέ
1086 2738 1127 2810 ού
1141 2762 1262 2829 προσε-

307 2852 476 2918 ποιοῦντο.
504 2846 635 2915 κελεύει
656 2845 694 2915 δέ
713 2841 817 2915 αὐτόν
836 2851 1074 2935 συλληφθῆναι
1094 2840 1112 2915 δ
1132 2846 1261 2934 Περέν-

306 2979 393 3037 νιος,
411 2944 466 3020 οἷά
479 2977 516 3019 τε
531 2949 699 3039 μεμηνότα
712 2951 893 3038 καὶψευδῆ
906 2952 1045 3036 λέγοντα
1059 2950 1139 3038 πυρί
1154 2975 1261 3037 παρα-

263 3085 290 3126 ·ιε
308 3060 462 3143 δοθήναι.
490 3050 510 3123 δ
523 3053 584 3142 μὲν
599 3051 640 3143 δή
654 3050 796 3142 ιἰκαίρου
810 3061 994 3142 παρρησίας
1006 3051 1164 3141 τοιαύτην
1177 3048 1258 3122 ὑπέ-

305 3181 362 3247 σχε
377 3164 491 3245 δίκην·
526 3162 559 3226 οί
570 3160 682 3245 μέντοι
696 3158 773 3245 περί
786 3154 845 3226 τόν
857 3156 1054 3245 Κόμμοδον,
1068 3153 1139 3225 ὅσοι
1153 3183 1188 3225 τε
1204 3153 1258 3225 εύ-
1275 3165 1291 3217 6

305 3278 398 3331 νοεῖν
416 3266 697 3349 προσεποιοῦντο,
715 3262 772 3329 καί
797 3260 898 3329 πάλαι
920 3260 981 3349 μέν
1006 3257 1160 3348 ἀπεχθῶς
1179 3258 1261 3349 πρὸς

304 3363 364 3435 τόν
377 3366 566 3454 Περέννιον
587 3369 791 3453 διακείμενοι
807 3360 928 3452 (βαρύς
947 3360 1010 3451 γάρ
1028 3365 1083 3432 καί
1096 3360 1262 3453 ἀφόρητος

305 3460 349 3556 ἦν
362 3464 531 3559 ὑπεροψίᾳ
544 3468 600 3535 καί
614 3463 727 3556 ὕβρει)
742 3465 816 3535 τότε
829 3464 947 3555 καιρὸν
963 3464 1119 3558 εὔκαιρον
1133 3472 1262 3554 ἔχοντες

262 3602 289 3643 το
307 3571 503 3660 διαβάλλειν
524 3573 715 3659 ἐπειρῶντο.
751 3573 851 3659 έχρήυ
870 3597 906 3639 τε
924 3567 989 3659 άρα
1007 3568 1065 3639 τόν
1083 3569 1262 3658 Κόμμοδον

305 3673 368 3764 τήν
382 3671 566 3763 ἐπιβουλήν
579 3676 741 3763 ἐκφυγεῖν
755 3675 811 3744 καί
830 3670 889 3741 τόν
907 3675 1094 3763 Περέννιον
1113 3669 1177 3741 σύν
1194 3683 1262 3748 τοῖς

306 3780 402 3848 παισί
424 3779 603 3877 διολέσθαι
618 3781 739 3858 κακῶς.
794 3767 905 3870 ήλθον
929 3774 997 3874 γὰρ
1027 3772 1092 3869 μετ’
1129 3769 1172 3842 οἱ)
1194 3768 1319 3841 amm

336 3908 513 3952 υυεουιεκ.
938 3893 940 3898 '
1125 3887 1153 3948 ‘2
