3134 4367
692 412 867 474 ΠΡΩΤΟΝ
1234 416 1252 473 7

295 613 370 672 νον,
383 582 583 675 θαυμαστόν
597 580 712 654 ούδέυ·
734 584 837 674 φύσει
857 614 892 655 τε
906 584 969 677 χάρ
982 585 1020 658 τό
1032 584 1253 677 ἀνθράπινου

297 687 448 759 ἐλεεινόν
475 690 513 757 ἐν
533 702 605 769 ταῖς
631 692 701 757 τοῖν
726 682 909 777 ὁμοφύλων
933 705 1137 782 συμφοραῖς,
1156 690 1252 761 τότε

298 790 395 863 δεινά
414 787 473 861 ἀπ’
489 787 570 875 όψιν
583 791 727 861 πεσόντα
746 791 860 862 οἶκτον
879 802 1092 884 προκαλεῖται
1109 802 1251 883 μείζονα.

298 897 371 986 ἐμοὶ
385 898 427 965 δέ
437 922 468 964 τι
482 896 539 963 καλ
552 898 654 965 πλέον
673 890 837 986 ὑπάρχειν
857 894 937 988 παρ’
960 892 1058 986 ὑμῶν
1070 907 1197 987 οίομαι·
1215 901 1253 967 ἐκ

265 997 363 1090 εχάρ
383 989 433 1068 ὧν
459 996 558 1079 αύτδς
576 998 744 1087 διάκειμαι
766 997 849 1090 πρὸς
867 995 969 1089 ὑμᾶς,
992 998 1172 1090 ἀμοιβαίαν
1194 997 1251 1072 εύ-

296 1130 395 1173 νοιαν
408 1101 543 1183 εἰκότως
555 1099 690 1192 ἤλπικα.
741 1104 859 1173 νύνδέ
875 1103 989 1194 καιρός
1010 1100 1164 1194 εὔκαιρος
1177 1106 1253 1194 ἐμοί
1264 1120 1282 1173 3

297 1234 332 1276 τε
343 1210 525 1276 αἰσθέσθαι
533 1204 578 1296 μὴ
591 1206 698 1295 μάτην
706 1204 790 1296 πρός
802 1202 887 1297 ὑμᾶς
898 1205 1060 1278 τοσούτου
1066 1205 1190 1297 χρόνου
1202 1234 1251 1276 τι-

297 1310 363 1399 μήν
377 1337 412 1379 τε
425 1311 483 1378 καλ
496 1308 650 1400 σπουδὴν
665 1321 943 1396 κατατεθεῖσθαι,
962 1307 1044 1400 ύμῖν
1056 1337 1093 1380 τε
1105 1307 1253 1380 ἀποδού-

297 1441 353 1483 υαι
367 1413 480 1504 χάριν,
497 1416 645 1496 δείξασιν
658 1409 708 1482 ὅτι
720 1408 807 1504 ύπέρ
822 1404 871 1483 ὧν
884 1415 1014 1503 ἐτύχετε
1027 1410 1090 1484 ούκ
1102 1411 1252 1503 ἀμνημο·

254 1536 281 1577 ¹⁰
298 1532 397 1587 νεῖτε.
425 1512 523 1606 δρᾶτε
536 1515 647 1607 δήμοι
658 1513 719 1586 τόν
731 1516 818 1603 υἱόν,
833 1513 873 1586 δυ
885 1514 981 1587 αύτολ
1002 1514 1252 1608 ἀνεθρέυασθε,

297 1617 372 1709 ἀρτι
392 1626 450 1709 τῆς
468 1627 652 1711 μειρακίων
670 1616 801 1710 ἡλικίας
821 1622 1036 1708 ἐπιβαίνοντα
1058 1622 1115 1690 καλ
1134 1620 1251 1711 δεόμε-

296 1750 360 1793 νον
373 1720 484 1813 ὥσπερ
498 1726 536 1793 ἐν
553 1728 691 1812 χειμῶνι
705 1724 761 1792 καὶ
778 1722 857 1813 ζάλη
875 1729 944 1793 τόν
962 1723 1252 1814 κυβερνησόντοιυ,

297 1825 344 1916 μή
358 1851 413 1896 ποι
426 1826 611 1916 φερόμενος
623 1822 683 1897 ὑπ’
704 1823 843 1909 ἀτελούς
860 1832 918 1916 τῆς
939 1832 1008 1897 τόν
1027 1827 1176 1897 δεόντων
1194 1829 1251 1915 ἐμ·

298 1935 428 2020 πειρίας
446 1933 480 2012 ἐς
496 1936 611 2020 φαῦλα
630 1931 874 2021 ἐπιτηδεύματα
889 1936 1119 2022 προσαραχθῇ.
1153 1932 1282 2019 μένε-4

253 2059 280 2101 ιε
299 2044 364 2103 σθε
378 2031 419 2124 δὴ
433 2025 495 2104 οὖν
508 2030 600 2128 αύτῷ
611 2029 707 2123 ὑμεῖς
725 2031 806 2105 ἀνθ’
831 2033 905 2116 ἐνὸς
923 2038 1006 2124 ἐμοῦ
1019 2037 1158 2125 πατέρες
1170 2043 1252 2104 πολ-

296 2145 366 2221 λοί,
387 2139 599 2228 περιέποντές
624 2163 661 2207 τε
678 2139 735 2207 καὶ
751 2136 792 2208 τά
811 2135 929 2228 ἀριστα
955 2136 1252 2227 συμβουλεύοντες.

295 2238 375 2312 ου”τε
388 2238 452 2331 γάρ
465 2240 642 2332 χρημάτων
655 2247 784 2331 πλῆθος
798 2238 900 2311 οὐδὲν
913 2237 1077 2332 αὔταρκες
1093 2238 1175 2332 πρὸς
1191 2267 1250 2310 τυ·

297 2350 455 2436 ραννίδος
474 2342 657 2436 ἀκρασίαν,
677 2341 755 2415 ούτε
777 2344 979 2436 δορυφόρων
1000 2343 1134 2436 φρουρά
1154 2341 1253 2432 cnam}

297 2447 442 2538 ῥύεσθαι
454 2447 513 2519 τόν
526 2445 685 2539 ἀρχοντα,
700 2455 732 2518 εί
749 2446 794 2538 μὴ
808 2447 1015 2539 προύπάρχει
1032 2443 1053 2537 ἡ
1075 2454 1144 2518 τόν
1162 2441 1249 2535 ὑπη-

253 2581 282 2621 ιο
297 2550 388 2621 κύων
411 2548 536 2622 εὔνοια.
587 2550 787 2641 μάλισταδέ
813 2554 935 2622 ἐκεῖνοι
962 2554 996 2632 ἐς
1021 2548 1123 2641 ἀρχῆς
1146 2555 1281 2637 μῆκοςσ

296 2652 486 2736 ἀκινδύνως
498 2653 636 2745 ἤλασαν,
644 2650 715 2723 όσοι
728 2652 773 2744 μὴ
784 2652 894 2743 φόβου
907 2657 940 2739 ἐξ
955 2650 1131 2742 ὠμότητος,
1140 2649 1252 2721 πόθον

297 2759 334 2828 δὲ
346 2762 406 2847 τῆς
418 2752 532 2829 αὑτοῖν
544 2757 759 2846 χρηστότητος
771 2760 918 2837 ταῖςτοόν
930 2754 1252 2847 ἀρχομένωνυυχαῖς
1292 2803 1296 2811 ·

297 2862 484 2944 ἐνέσταξαν.
512 2858 552 2931 ού
565 2858 629 2951 γάρ
643 2864 678 2930 οί
692 2862 726 2944 ἐξ
738 2857 885 2949 ἀνάγκης
899 2859 1116 2941 δουλεύοντες
1130 2854 1203 2929 ἀλλ’
1220 2862 1255 2929 οί

295 2962 378 3054 μετὰ
390 2970 533 3045 πειθοῦς
544 2960 770 3044 ὑπακούοντες
787 2961 974 3034 ἀνύποπτοι
993 2965 1050 3034 καὶ
1070 2965 1131 3047 ἐξα
1150 2972 1250 3033 κολα-

252 3100 281 3143 ττ
296 3074 389 3148 κείας
402 3067 627 3159 προσποιήτου
641 3070 787 3159 δρῶντές
806 3093 843 3138 τε
862 3070 918 3138 καί
938 3067 1119 3156 πάσχοντες
1138 3071 1249 3136 διατε·

294 3176 430 3259 λοῦσιν,
444 3173 501 3242 καλ
519 3168 695 3242 οὐδέποτε
715 3170 970 3261 ἀφηνιάζουσιν,
989 3166 1033 3261 ἢν
1050 3168 1095 3260 μὴ
1117 3175 1176 3263 βίη
1194 3170 1252 3240 καλ

294 3271 393 3365 ύβρει
412 3277 584 3345 ἐπὶτοῦτο
604 3272 743 3364 ἀχθῶσι.
795 3273 942 3364 χαλεπόν
961 3274 999 3343 δέ
1019 3272 1192 3364 μετριάσαι
1211 3288 1280 3344 τεο

294 3379 352 3447 καλ
365 3374 446 3469 ὅρου
460 3381 629 3448 ἐπιθεῖναι
643 3381 839 3467 ἐπιθυμίαις
851 3374 1080 3469 ὑπηρετούσης
1090 3379 1249 3461 ἐξουσίας.

294 3486 434 3552 τοιαῦτα
447 3480 489 3571 δὴ
504 3481 791 3570 συμβουλεύοντες
804 3478 906 3576 αύτῷ,
920 3482 977 3551 καλ
995 3470 1043 3551 ἀν
1056 3477 1172 3550 ἀκούει
1185 3505 1249 3548 πα·

251 3619 279 3662 τι
297 3580 369 3675 ροδν
380 3580 705 3676 ὑπομιμνήσκοντες,
721 3581 803 3675 ύμῖν
818 3610 855 3654 τε
868 3582 1050 3665 αὐτοῖςκαὶ
1063 3590 1165 3654 πᾶσιν
1177 3578 1250 3667 ἀρι-

296 3709 377 3759 στου
390 3686 581 3774 ἀποδείξετε
594 3691 748 3778 βασιλέα,
765 3691 807 3778 τῇ
819 3716 855 3759 τε
869 3690 930 3779 ἐμῇ
949 3688 1061 3777 μνήμη
1080 3691 1252 3775 χαριεῖσθε
