3134 4367
311 429 352 489 54
680 427 902 490 AEYTEPON

312 627 415 690 μονας
430 604 567 668 ἔσεσθαι
581 604 621 688 τῇ
636 625 670 666 τε
686 594 855 687 Ῥωμαίων
870 596 950 690 τύχη
969 600 1025 669 καὶ
1039 606 1079 689 τῇ
1099 604 1167 667 τῶν
1186 594 1270 667 κατά

313 702 375 792 τὴν
388 699 554 789 ἀνατολὴν
568 705 800 791 στρατοπέδων
814 702 940 793 γνώμη.

281 829 300 889 9
415 812 519 876 ταῦτα
540 804 577 873 δὲ
591 801 695 874 αύτού
710 811 952 886 διατυπούντος
973 806 1030 873 καὶ
1047 803 1192 892 κούφαις
1213 804 1272 871 καὶ

314 906 448 998 ἀδήλοις
462 910 735 996 έπαιωρουμένου
748 912 875 997 ἐλπίσι,
887 910 1096 997 διηγγέλλετο
1111 906 1150 975 τά
1165 932 1271 994 πρατ-

314 1011 436 1101 τόμενα
450 1018 483 1093 ές
492 1039 528 1080 τε
537 1018 684 1091 Παίονας
692 1013 749 1080 καλ
764 1008 946 1100 Ἰλλυριούς
960 1014 1016 1081 καὶ
1030 1019 1097 1080 πᾶν
1111 1009 1147 1079 τὸ
1163 1013 1271 1079 ἐκεῖσε
1288 1032 1301 1069 ο

314 1114 568 1203 στρατιωτικόν,
591 1110 611 1182 δ
629 1129 700 1195 ταῖς
721 1112 839 1202 ὄχθαις
855 1112 989 1204 Ἴστρου
1018 1142 1054 1183 τε
1080 1116 1136 1182 καὶ
1153 1108 1273 1200 Ῥήνου

315 1222 535 1305 ἐπικείμενον,
544 1214 1156 1308 άπεῖργοντούςἐπέκειναβαρβάρους,
1166 1243 1273 1305 φρου-

286 1343 304 1395 2
319 1338 373 1411 ρεῖ
384 1321 446 1409 τὴν
458 1316 626 1407 Ῥωμαίων
641 1316 754 1409 ἀρχήν.
790 1316 901 1408 ἡγεῖτο
915 1322 952 1391 δέ
964 1320 1123 1391 Παιόνων
1138 1319 1275 1388 πάντων

317 1421 400 1508 (ὑπὸ
420 1430 480 1514 μιᾷ
504 1422 567 1512 γάρ
588 1414 674 1510 ἦσαν
693 1427 841 1515 ἐξουσίᾳ)
863 1432 1029 1515 Σεεῆρος,
1050 1420 1135 1511 ἀνὴρ
1156 1420 1193 1491 τὸ
1214 1420 1276 1510 μέν

317 1529 413 1614 γένος
433 1533 558 1614 Λίβυς,
580 1530 613 1606 ές
639 1527 675 1596 δέ
702 1527 905 1616 πραγμάτων
926 1534 1092 1615 διοίκησιν
1117 1540 1273 1613 γενναῖος
1297 1538 1319 1580 ¹⁰

317 1626 384 1718 άμα
397 1631 454 1700 καὶ
467 1629 669 1719 θυμοειδής,
683 1638 818 1723 σκληρῷ
837 1658 873 1700 τε
895 1638 959 1725 βίφ
980 1633 1036 1700 καὶ
1053 1644 1169 1716 τραχεῖ
1188 1632 1276 1697 ε’νει-

318 1737 496 1822 θισμένος,
511 1733 626 1813 πόνοις
639 1761 674 1802 τε
695 1730 842 1821 ἀντέχων
863 1738 983 1826 ῥᾷστα,
1005 1740 1127 1821 νοῆσαί
1144 1760 1179 1800 τε
1200 1728 1278 1813 ὀξύς

289 1858 307 1912 3
321 1835 427 1906 καὶτὸ
440 1835 567 1925 νοηθὲν
580 1839 763 1905 ἐπιτελέσαι
777 1838 887 1924 ταχύς.
940 1828 1037 1918 οὗτος
1051 1842 1168 1905 τοίνυν
1189 1831 1279 1923 παρά

268 1932 411 2011 δὶάίίιτῶν
420 1935 650 2026 ἀγγελλόντων
658 1939 980 2028 πννθανόμενοςτὴν
993 1937 1160 2029 Ῥωμαίων
1174 1934 1281 2025 ἀρχὴν

320 2042 486 2131 μετέωρον
502 2042 691 2130 φερομένην
705 2037 926 2133 ἁρπάζεσθαι,
940 2040 1126 2131 καταγνούς
1142 2040 1280 2128 τοῦμὲν
1298 2064 1320 2107 ιε

322 2147 494 2236 ῥᾳθυμίαν
511 2150 572 2214 τοῦ
587 2144 623 2213 δὲ
637 2151 860 2233 δυσπραγίαν,
877 2200 885 2214 .
903 2202 909 2215 .
925 2203 932 2215 .
948 2150 984 2216 έν
997 2162 1064 2226 τοῖς
1078 2145 1281 2234 πράγμασιν.

322 2244 482 2317 ἀνέπειθε
502 2247 540 2316 δὲ
567 2244 675 2317 αύτόν
694 2245 851 2337 ὀνείρατα
875 2249 1031 2339 τοιαύτην
1059 2247 1134 2318 τινά
1161 2251 1281 2317 ἐλπίδα

322 2346 605 2439 ἀποσημαίνοντα,
613 2359 757 2441 χρησμοί
766 2379 802 2420 τε
815 2354 872 2420 καὶ
886 2349 946 2423 ὅσα
961 2357 993 2433 ές
1006 2352 1199 2443 πρόγνωσιν
1213 2357 1282 2420 τῶν

218 2539 226 2548 „
323 2454 514 2542 μελλόντων
533 2452 686 2542 σύμβολα
708 2462 879 2542 φαίνεται·
907 2452 991 2544 άπερ
1019 2456 1126 2525 πάντα
1148 2450 1282 2542 ἀψευδῆ

323 2558 380 2627 καὶ
394 2554 506 2647 ἀληθῆ
519 2556 593 2625 τότε
606 2557 795 2627 πιστεύεται
816 2555 897 2629 όταν
914 2563 946 2640 ές
966 2557 1028 2647 την
1041 2556 1207 2647 ἀπόβασιν
1222 2554 1283 2626 εύ-
1298 2578 1320 2619 ει

294 2668 467 2752 στυγηθῇ.
519 2657 559 2730 τά
569 2660 631 2749 μὲν
646 2651 709 2731 ούν
723 2660 829 2731 πολλά
844 2662 1018 2753 ίστόρησεν
1033 2657 1133 2741 αύτός
1149 2689 1184 2730 τε
1198 2683 1284 2749 συγ-

325 2763 455 2852 γράψας
469 2767 506 2832 ἐν
525 2771 572 2856 τῷ
587 2760 667 2834 καθ’
690 2760 795 2834 αύτδν
814 2773 878 2858 βίφ
898 2768 954 2836 καὶ
968 2771 1140 2853 δημοσίαις
1155 2761 1284 2852 ἀνέθη-

324 2893 384 2934 κεν
398 2865 519 2934 είκόσι·
543 2864 580 2934 τὸ
600 2863 633 2934 δ’
653 2857 716 2937 ούν
734 2877 927 2937 τελευταῖον
941 2870 997 2936 καὶ
1012 2871 1183 2956 μέγιστον,
1200 2863 1283 2955 ὅπερ

325 2964 417 3060 αύτῷ
437 2968 493 3035 καὶ
513 2966 575 3055 τὴν
597 2971 716 3038 ἐλπίδα
736 2977 846 3039 πᾶσαν
868 2967 1056 3059 ὑπέφαινεν
1082 2966 1182 3059 όναρ,
1204 2966 1281 3039 οὐδ’

297 3088 313 3139 5
327 3066 408 3157 ἡμῖν
421 3073 670 3159 παραλειπτέον.
718 3068 801 3140 κατά
818 3070 881 3162 γάρ
902 3069 960 3141 τὸν
980 3072 1098 3163 καιρὸν
1119 3069 1159 3142 δν
1173 3069 1282 3162 ἀπηγ-
1299 3097 1320 3140 τι

327 3173 406 3261 γέλη
421 3176 587 3262 Περτίναξ
604 3173 808 3263 παραλαβών
822 3172 882 3262 τὴν
897 3172 1101 3266 άρχήν,μετά
1110 3174 1147 3245 τὸ
1161 3184 1283 3264 προελ-

328 3286 406 3345 θεῖν
419 3277 475 3344 καὶ
490 3283 595 3345 θῦσαι
609 3272 791 3366 δ’Σεοηρος
804 3275 933 3348 καὶτὸν
946 3275 1030 3371 ὑπὲρ
1046 3288 1102 3369 τῆς
1116 3287 1284 3369 Περτίνα-

328 3378 392 3459 κος
409 3385 579 3467 βασιλείας
612 3375 714 3469 ὅρκον
741 3376 997 3468 ἀφοσιώσασθαι
1026 3380 1225 3454 έπανελθων
1253 3386 1285 3464 ές

329 3480 391 3570 τὴν
405 3487 515 3550 οἰκίαν
534 3484 673 3572 έσπέρας
686 3484 936 3573 καταλαβούσης
958 3489 991 3567 ές
1010 3484 1120 3556 ύπνον
1144 3487 1286 3575 κατηνέ·

329 3596 413 3673 χθη,
429 3585 534 3673 μέγαν
548 3585 585 3654 δὲ
606 3587 663 3654 καὶ
681 3602 838 3675 γενναῖον
856 3593 958 3659 ίππον
978 3598 1160 3679 βασιλικοῖς
1173 3588 1283 3679 φαλά-
1300 3614 1320 3655 τι

331 3716 402 3776 ροις
414 3689 661 3776 κεκοσμημένον
681 3685 777 3783 ᾠήθη
791 3692 943 3780 βλέπειν,
958 3688 1103 3783 ’φέροντα
1121 3690 1181 3762 τὸν
1194 3701 1285 3781 Περ-

326 3796 452 3894 τίνακα
471 3789 696 3883 έπογούμενον
721 3791 778 3863 διά
804 3796 904 3885 μέσης
926 3801 983 3884 τῆς
1009 3798 1046 3864 έν
1064 3791 1169 3886 Ῥώμη
1195 3801 1286 3888 ίερᾶς
