3134 4367
207 3931 213 4046 λ

262 3828 285 3881 9

353 441 411 503 178
719 428 936 505 τοιουτου

350 618 440 702 πεῖν)
455 611 678 703 Καρχηδόνιοι
690 613 871 703 μεμὴνασι,
885 615 943 685 καὶ
956 612 1149 703 πρεσβύτην
1168 610 1303 701 ἀέθλιον,

350 723 387 789 έν
401 716 524 811 ἐσχάτῳ
534 716 634 807 γὴραι
648 725 949 807 παραφρονούντα,
964 725 1137 797 πείσαντες
1150 711 1173 805 ἡ
1186 717 1305 806 βιασό-

349 849 445 912 μενοι
472 818 583 912 ὥσπερ
605 823 643 890 ἐν
665 836 810 908 πομπαῖς
837 828 900 889 καί
899 829 990 905 ζουσι
1017 827 1210 909 βασιλείαν,
1240 827 1304 890 τίνι

349 931 556 1015 θαρροῦντες
570 929 715 1016 στρατῷ,
735 951 803 1013 παρ
809 918 884 1005 ’ςοί
904 922 989 1004 ἐς
957 952 1018 1011 την
1033 929 1092 992 τού
1114 920 1304 1013 ἡγουμένου

348 1023 565 1155 ύκηρεσίαν’
547 1033 688 1114 συνοῦσι
707 1029 904 1116 ῥαβδούχοις
928 1042 1006 1096 ποια
1026 1027 1189 1115 φέροντες
1208 1022 1326 1114 ὅπλα,ν

349 1156 416 1222 παρ
419 1126 498 1211 ὀἷς
512 1126 614 1200 οὐδὲν
638 1127 726 1217 πλὴν
745 1136 912 1218 δορατίων
939 1124 989 1211 οἷς
1014 1127 1097 1254 πρὸς
1116 1136 1226 1220 θηρία
1246 1157 1304 1218 μο-

347 1240 547 1324 νομαχούσι;
569 1230 610 1301 τά
631 1231 793 1321 πολεμικὰ
811 1229 925 1313 αύτοίς
944 1232 1112 1321 γυμνάσια
1131 1234 1229 1324 χοροί
1251 1233 1304 1303 καὶ

319 1350 336 1405 6
348 1336 528 1425 σκώμματα
541 1336 597 1404 καί
610 1338 746 1425 ῥυθμοί.
799 1338 885 1424 μηδέ
896 1363 971 1405 τινα
987 1332 1083 1423 ὑμῶν
1100 1337 1303 1425 έκπληττέτο

347 1438 389 1510 τά
408 1438 491 1509 κατὰ
512 1436 639 1528 Ῥώμην
659 1436 877 1528 ἀγγελθέντα.
920 1435 1118 1519 ’διταλιανὸς
1136 1438 1200 1527 μὲν
1222 1436 1302 1529 ἀνη-

348 1543 433 1633 ρέθη
447 1542 536 1635 δόλῳ
549 1545 607 1611 καί
619 1538 727 1633 ἀπάτη
740 1549 901 1631 ληφθείς,
923 1548 983 1611 τού
1003 1543 1041 1611 δὲ
1056 1537 1228 1630 Ῥωμαίων
1242 1542 1300 1631 δὴ-
1314 1559 1330 1600 ¹⁰

346 1673 412 1735 μον
438 1644 475 1716 τό
499 1652 633 1734 κοῦφον
658 1648 715 1716 καὶ
737 1642 960 1734 εὐμετάβολον
985 1643 1048 1714 ούκ
1071 1641 1225 1733 ἀγνοεῖτε
1250 1647 1302 1715 καλ
1371 1673 1373 1740 3

346 1752 442 1839 μέχρι
456 1756 536 1838 βοῆς
550 1749 680 1839 θρασύ·
710 1755 741 1819 εί
760 1750 822 1819 δύο
836 1744 857 1836 ἡ
871 1764 958 1838 τρεῖς
972 1744 1108 1829 ὁπλίτας
1123 1755 1230 1820 ίδοιεν
1244 1748 1301 1837 μό-

347 1880 425 1941 νον,
452 1849 513 1922 ὑπ’
546 1848 700 1940 ἀλλήλοιν
727 1848 923 1941 ὠθούμενοί
945 1878 981 1919 τε
1006 1853 1063 1920 καί
1088 1851 1299 1942 πατούμενοι,

347 1955 486 2043 φεύγων
499 1957 634 2035 ἕκαστος
647 1952 707 2023 τὸν
723 1960 813 2023 ίδιον
826 1960 989 2023 κίνδυνον
1002 1962 1061 2023 τοῦ
1082 1963 1202 2025 κοινοῦ
1224 1953 1300 2044 ἀμε·

316 2073 332 2127 7
349 2063 414 2137 λοΞς
427 2064 503 2145 ἔχει.
556 2062 588 2125 εί
599 2057 637 2125 δὲ
650 2057 707 2125 καὶ
720 2053 761 2126 τά
773 2064 831 2145 τὴς
845 2056 1035 2144 συγκλήτου
1049 2085 1098 2139 τις
1111 2054 1194 2147 ύμῖν
1208 2058 1299 2147 διὴγ-
1313 2081 1330 2123 ιε

345 2168 446 2249 γειλε,
454 2157 500 2249 μὴ
508 2160 694 2248 θαυμάζετε
708 2166 739 2229 εί
751 2158 787 2228 τό
797 2158 859 2248 μὲν
873 2156 1033 2247 ἡμέτερον
1047 2166 1186 2250 σῶφρον
1200 2160 1300 2250 τραχύ

346 2259 460 2344 αύτοϊς
473 2268 579 2350 δοκεῖ,
595 2262 632 2331 τὸ
649 2258 682 2331 δ’
699 2259 887 2354 ὁμότροπον
900 2266 937 2332 έν
952 2259 1123 2357 ἀκολάστῳ
1137 2272 1202 2358 βίςο
1217 2270 1300 2336 ἐκεί-

344 2393 408 2437 νου
428 2372 642 2455 προτιμᾶται,
663 2368 720 2435 καὶ
741 2363 781 2434 τόι
803 2366 865 2456 μὲν
885 2363 1024 2453 ἀνδρεία
1038 2369 1095 2436 καλ
1115 2368 1223 2457 σεμνὰ
1237 2375 1300 2438 τόν

346 2475 455 2559 ἔργον
475 2466 605 2559 φοβεροὶ
625 2468 933 2558 προσαγορεύουσι,
954 2467 995 2538 τὰ
1015 2467 1045 2539 δ’
1068 2468 1228 2560 ἀνειμένα
1248 2473 1300 2541 καὶ

346 2574 632 2663 ἐκβεβακχευμένα
647 2569 692 2654 ὡς
705 2569 812 2663 ἡμερα
828 2569 871 2641 δι’
893 2568 1017 2662 ἡδονῆς
1030 2580 1158 2661 ἔχουσι·
1182 2574 1297 2665 διόπερ
1311 2594 1331 2633 2⁰

345 2676 428 2764 πρὸς
448 2676 510 2765 τὴν
530 2675 613 2766 έμὴν
633 2673 738 2766 ἀρχὴν
758 2667 864 2746 ούσαν
883 2679 1066 2765 ἐπιστρεφῆ
1086 2680 1142 2747 καί
1162 2677 1300 2767 κόσμιον

345 2775 525 2870 ἀλλοτρίως
533 2779 727 2867 διάκεινται,
739 2776 893 2868 ἡσθησαν
907 2780 944 2848 δὲ
956 2785 1002 2871 τῷ
1018 2786 1209 2869 Γορδιανοῦ
1224 2778 1299 2852 όνό-

313 2902 331 2956 8
345 2908 437 2970 ματι,
452 2873 494 2952 ού
512 2880 571 2952 τόν
586 2884 850 2971 διαβεβλημένον
864 2888 940 2970 βίον
954 2880 1016 2952 ούκ
1032 2880 1193 2971 ἀγνοεῖτε.
1219 2882 1300 2974 πρὸς

343 2984 480 3067 τούτους
493 2988 550 3056 καί
563 2983 641 3064 τούς
655 2985 827 3064 τοιούτους
839 2980 920 3072 ἡμῖν
933 2981 950 3054 δ
965 2986 1116 3075 πόλεμος,
1132 2998 1167 3057 εί
1176 3016 1227 3069 τις
1241 2985 1299 3058 ού-

342 3116 406 3170 τοτς
423 3084 529 3158 αύτδν
542 3097 657 3157 καλεῖν
670 3086 835 3175 βούλοιτο.
859 3086 923 3176 έγώ
938 3088 1000 3177 μέν
1016 3089 1079 3179 γὰρ
1093 3088 1242 3181 ἡγοῦμαι
1256 3087 1297 3172 ύς
1310 3115 1330 3156 υ

343 3196 378 3260 ολ
387 3199 537 3261 πλεῖστοι
555 3192 610 3258 καί
624 3187 745 3277 σχεδόν
760 3189 898 3278 πάντες,
915 3198 945 3261 εί
957 3192 1062 3321 μόνον
1076 3191 1214 3276 Ἰταλίας
1228 3199 1298 3265 ἐπι-

342 3298 532 3417 βαίημεν,ί
529 3299 704 3382 κετηρίονς
719 3292 868 3375 θαλλούς
883 3296 991 3364 καλ’
953 3323 1053 3366 τεκνα
1067 3306 1298 3387 προτείναντες

341 3392 615 3485 ύποστρύσουσιν
635 3424 760 3478 αυτους
781 3414 850 3478 τοῖς
875 3395 1045 3489 ἡμετέροις
1067 3409 1148 3470 ποσί
1147 3430 1208 3528 γ,
1208 3408 1244 3504 οί
1262 3402 1298 3471 δὲ

340 3500 451 3569 λοιποὶ
464 3498 520 3569 διὰ
530 3505 658 3570 δειλίαν
666 3502 723 3569 καὶ
732 3501 924 3591 φαυλότητα
933 3500 1158 3592 φεύξονται,“
1135 3495 1297 3594 ωςύπαρ-

333 3604 388 3685 ξαι
401 3606 483 3695 ἐμοί
491 3632 529 3677 τε
541 3600 623 3697 ύμῖν
643 3602 750 3676 καί
716 3633 757 3677 τα
777 3606 976 3676 έκείναν’
931 3634 1039 3677 παντα
1060 3606 1236 3696 δοῦναι,
1217 3625 1296 3698 υμῖν
1309 3636 1331 3676 υ

318 3734 358 3779 τε
371 3706 488 3797 ἀδεῶς
500 3720 654 3808 λαβοῦσι
671 3706 918 3809 καρποῦσθαιῖ’

418 3823 573 3900 τοιαύτά
591 3854 676 3900 τινα
697 3820 830 3913 είποόυ,
849 3808 1037 3911 βλύσφημόι
1054 3833 1091 3876 τε
1105 3803 1217 3874 πολλα
1228 3802 1330 3885 {ww
