3134 4367
659 432 835 494 ΠΡΩΤΟΝ
1181 430 1222 493 25

265 610 325 676 τοῦ
339 609 590 696 στρατιωτικοῦ.
617 599 638 673 ά
652 604 690 674 δέ
704 603 786 693 πρὸς
799 601 942 694 μηδενός
954 605 1134 695 βαρβάρων
1146 612 1220 675 πεί·

265 721 387 779 σεσθαι
400 714 668 797 προσεδοκῶμεν,
682 714 787 778 ταῦτα
802 713 929 798 δρῶσιν
941 702 1026 796 ἡμᾶς
1039 714 1073 778 οί
1083 716 1219 779 οἰκεῖοι·

264 815 320 882 καὶ
333 809 394 893 οῦς
406 813 548 902 μάλιστα
562 808 799 901 εῦηργέτησας,
819 810 958 890 τούτους
971 810 1111 901 ἐχθρούς
1125 820 1219 902 ἔχεις.

264 919 459 1006 Κλέανδρος
472 917 527 985 ἐπί
540 915 576 985 σέ
591 916 650 985 τόν
664 943 704 985 τε
724 921 831 1004 δῆμον
852 915 908 984 καὶ
926 911 964 984 τό
983 914 1219 1003 στρατιωτικόν
1232 927 1251 983 3

241 1045 253 1085 ι
266 1017 431 1090 ὥπλισεν·
447 1024 484 1089 ἐκ
498 1019 535 1088 δὲ
549 1017 715 1109 διαφόρου
734 1020 791 1088 καί
804 1020 956 1098 ἐναντίας
969 1018 1103 1108 γνάμης
1116 1026 1148 1087 οἳ
1160 1020 1222 1109 μὶν

263 1129 441 1212 μισοῦντες
454 1120 576 1206 αὐτόν,
590 1118 608 1190 δ
623 1128 743 1211 δῆμος,
758 1130 793 1191 οἳ
812 1121 849 1191 δέ
868 1128 1077 1211 στέργοντες,
1099 1127 1166 1191 πάν
1184 1121 1222 1192 τὸ

264 1224 403 1297 ἱππικὸν
416 1225 539 1315 τάγμα,
554 1228 592 1294 ἐν
604 1222 718 1306 ὅπλοις
732 1231 814 1312 είσί,
835 1226 891 1293 καὶ
905 1232 1105 1316 φθείροντες
1119 1222 1219 1313 άλλή-

262 1340 342 1411 λους
355 1333 524 1419 ἐμφυλίου
537 1333 673 1416 αἵματος
691 1327 753 1418 τήν
767 1324 892 1417 Ῥεύμην
906 1328 1113 1419 ἐπλήρωσαν.
1132 1326 1172 1397 τά
1187 1324 1220 1398 δ’

264 1437 423 1524 ἑκατέρου
436 1439 497 1502 τοῦ
511 1431 664 1521 πλήθους
675 1431 770 1502 δεινά
783 1429 868 1523 ήμάς
882 1432 1118 1523 προσλήψεται,
1134 1438 1166 1502 εί
1177 1429 1223 1521 μή

226 1565 248 1606 ιο
263 1536 325 1628 τήν
337 1543 497 1625 ταχίστην
517 1534 599 1625 πρὸς
618 1537 769 1606 θάνατον
789 1533 947 1616 ἐκδύσεις
967 1536 1115 1627 πονηρὸν
1132 1538 1220 1605 οίκέ-

262 1670 341 1730 την,
356 1637 504 1730 ὀλέθρου
518 1637 679 1709 τοσούτου
692 1655 761 1719 τοῖς
774 1640 837 1727 μὲν
850 1650 959 1709 αίτιον
971 1637 1036 1730 ήδη
1050 1640 1221 1728 γεγονότα,

261 1740 344 1833 ήμῑν
363 1743 402 1813 δέ
425 1744 585 1832 ἐσόμενον
604 1738 683 1812 ὅσον
702 1740 864 1813 ούδέπω.”
908 1744 1044 1813 τοιαῦτά
1069 1771 1145 1813 τινα
1172 1748 1254 1812 εί-4

263 1854 390 1931 ποῦσα,
406 1849 571 1936 ῥηξαμένη
585 1872 621 1915 τε
641 1843 705 1935 τήν
718 1850 862 1936 ἐσθήτα,
883 1848 940 1915 καὶ
957 1852 1027 1916 νῦν
1045 1846 1222 1937 παρόντων

262 1951 351 2031 τινές
372 1950 606 2041 θαρρήσαντες
631 1966 699 2029 τοῖς
721 1955 779 2038 τῆς
805 1947 953 2038 ἀδελφῆς
974 1956 1035 2020 τοῦ
1060 1952 1223 2038 βασιλέως

225 2076 247 2118 15
262 2054 374 2143 λόγοις
386 2052 447 2124 τόν
454 2053 635 2142 Κόμμοδον
648 2052 820 2143 ἐτάραξαν.
849 2056 1023 2140 ἐκπλαγεὶς
1032 2054 1070 2124 δέ
1085 2057 1222 2139 ἐκεῖνος,

261 2158 320 2228 τόν
339 2186 376 2228 τε
396 2160 608 2246 ἐπικείμενον
625 2162 790 2227 κίνδυνον
809 2154 858 2245 οῦ,
872 2159 1034 2245 μέλλοντα
1054 2154 1138 2228 άλλά
1156 2184 1220 2227 πα-

262 2262 365 2350 ρόντα
378 2258 444 2350 ήδη
464 2267 646 2349 φοβηθείς,
667 2263 913 2348 μεταπέμπεται
934 2257 993 2329 τόν
1011 2263 1221 2351 Κλέανδρον,

261 2363 364 2435 οῦδὲν
377 2366 441 2453 μέν
453 2391 485 2432 τι
500 2364 613 2433 είδότα
626 2370 695 2433 τῶν
708 2361 988 2453 ἀπηγγελμένων,
1003 2364 1157 2453 οίόμενον
1172 2366 1220 2433 δέ.

263 2468 408 2538 ἐλθόντα
424 2464 454 2536 δ’
471 2464 575 2537 αύτδν
588 2473 828 2556 συλληφθῆναι
842 2466 990 2554 κελεύει,
1005 2469 1061 2537 καὶ
1081 2466 1143 2555 τήν
1162 2494 1219 2536 κε-

222 2606 246 2647 w
262 2569 374 2661 φυλήν
387 2566 564 2659 άποτεμύν
577 2570 696 2660 δόρατί
712 2598 748 2640 τε
762 2571 915 2660 ἐπιμήκει
926 2569 1151 2658 ἐγκαταπήξας
1165 2572 1181 2639 ἐ
1205 2610 1219 2621 -

261 2678 383 2765 πέμπει
397 2672 544 2764 τερπνόν
557 2676 614 2743 καὶ
629 2671 794 2743 ποθεινόν
814 2679 860 2766 τῷ
881 2672 975 2765 δήμῳ
994 2674 1115 2759 θέαμα.
1143 2679 1220 2761 ἔστη
1234 2684 1252 2738 5

260 2776 324 2869 γάρ
337 2774 427 2847 οῦτω
440 2775 478 2846 τό
493 2775 623 2863 δεινόν,
638 2778 694 2845 καὶ
709 2776 858 2864 ἑκάτεροι
878 2780 1101 2863 πολεμοῦντες
1115 2774 1218 2845 ἐπαύ-

261 2904 380 2965 σαντο,
401 2886 436 2950 οί
454 2880 733 2971 μὲνστρατιῦται
751 2877 964 2969 άνηρημένον
984 2878 1112 2959 ἰδόντες
1134 2876 1220 2970 ῦπέρ

260 2974 300 3053 οῦ
315 2982 494 3073 ἐμάχοντο,
510 2987 578 3054 δέει
590 3011 627 3052 τε
646 2989 704 3072 τής
717 2990 777 3053 τοῦ
797 2985 958 3072 βασιλέως
978 2978 1077 3073 ὀργής
1091 2986 1218 3068 (συνίε-

223 3116 246 3156 ιι
260 3110 324 3157 σαν
336 3084 401 3175 γάρ
416 3090 642 3176 ἐξηπατῆσθαι
656 3090 713 3156 καί
725 3085 766 3157 τά
779 3089 970 3176 δρασθέντα
984 3084 1072 3176 παρά
1082 3086 1220 3176 γνύμην

259 3188 365 3261 αύτοῦ
379 3192 646 3279 τετολμηκέναι)·
668 3186 686 3260 ό
702 3190 739 3259 δέ
753 3196 855 3279 δῆμος
867 3189 1043 3279 κεκόρεστο
1056 3199 1220 3282 τιμωρίαν

259 3292 350 3385 παρά
363 3298 425 3362 τοῦ
446 3292 487 3363 τά
508 3291 604 3364 δεινά
625 3294 809 3384 δράσαντος
831 3292 985 3382 είληφάς.
1038 3311 1216 3382 προσανεῑ-
1233 3307 1250 3362 6

259 3407 320 3467 λον
335 3395 374 3467 δέ
385 3398 445 3465 καὶ
463 3395 541 3478 τούς
561 3403 682 3477 παῖδας
703 3403 763 3467 τοῦ
776 3396 975 3486 Κλεάνδρου
989 3395 1066 3479 (δύο
1081 3397 1120 3467 δέ
1132 3390 1219 3488 ἦσαν

259 3498 399 3591 ῦρρενες
413 3497 532 3593 αύτῷ),
547 3498 672 3580 πάντας
685 3527 721 3569 τε
741 3498 841 3580 ὅσους
859 3496 986 3589 ήδεσαν
1008 3502 1140 3570 ἐκείνου
1160 3508 1218 3589 φί-

225 3624 247 3667 w
261 3613 341 3684 λους
356 3603 589 3693 διεχρήσαντο·
611 3602 769 3693 σύροντές
781 3631 818 3673 τε
831 3601 871 3673 τά
892 3602 1026 3691 σύματα
1039 3604 1095 3671 καὶ
1110 3609 1220 3672 πᾶσαν

260 3704 363 3797 ῦβριν
389 3710 645 3797 ἐνυβρίσαντες,
678 3708 771 3788 τέλος
804 3708 1056 3796 λελωβημένονς
1083 3707 1116 3782 ἐς
1141 3700 1238 3781 τοῦς.

261 3807 397 3899 ὀχετούς
409 3815 552 3899 ἔρριψαν
563 3812 735 3903 φέροντες.
754 3811 901 3913 τοιούτῳ
917 3811 980 3907 μὶν
995 3807 1044 3902 δὴ
1053 3804 1247 3878 dmm}-
