3134 4367
313 423 353 484 26
700 424 877 485 ΠΡΩΤΟΝ

312 595 434 688 ανδρός
446 624 482 665 τε
496 598 600 665 καλοί
618 597 694 685 περὶ
713 593 817 666 αὐτὸν
836 594 1033 687 ἐχρήσαντο,
1047 606 1265 685 φιλοτιμησα-

312 705 428 792 μένης,
444 696 488 780 ὡς
502 697 544 769 ἀν
562 726 613 778 τις
633 709 739 786 είποι,
757 705 816 788 τῆς
835 697 1053 790 ἀνθρωπίνης
1074 699 1208 789 φύσεως
1230 703 1267 770 ἐν

313 808 364 877 ἑνὶ
378 807 482 886 δεῖξαι
496 800 545 872 ὅτι
561 804 597 871 ἐκ
611 807 670 891 τῆς
684 803 819 893 ἐσχάτης
833 799 1000 884 εὐτελείας
1013 808 1047 884 ἐς
1060 802 1097 872 τὸ
1111 806 1268 891 μέγιστον

311 906 397 993 ὕψος
416 899 493 997 ἀραι
514 906 571 975 καὶ
598 906 700 976 πάλιν
718 905 778 976 τὸν
799 904 947 998 ἀρθέντα
966 911 1062 998 ῥῖψαι
1079 903 1186 996 Ιὀλίγη
1212 910 1269 977 καὶ

313 1011 508 1091 ἀνέλπιστος
521 1008 661 1079 δύναται
676 1009 775 1098 τύχης
794 1009 890 1101 ῥοπή.
1286 1031 1299 1072 ο

282 1132 298 1187 ῖ
414 1110 432 1185 ὁ
447 1114 484 1183 δὲ
498 1113 672 1201 Κόμμοδος
687 1120 708 1184 δ
710 1111 807 1194 εδιως
819 1114 882 1202 μὲν
894 1110 957 1203 τὴν
969 1119 1029 1182 τού
1043 1113 1151 1203 δήμου
1170 1121 1267 1204 κίνη-

313 1241 383 1305 σιν,
398 1217 443 1307 μή
456 1245 488 1286 τι
502 1219 558 1287 καὶ
572 1218 649 1304 περὶ
662 1215 766 1303 αὐτὸν
779 1224 1025 1307 νεωτερίσειεν,
1047 1214 1134 1306 ὅμως
1151 1218 1188 1287 δὲ
1203 1243 1267 1286 πα-

312 1320 551 1414 ρορμησάντων
564 1316 668 1390 αύτδν
681 1327 749 1390 τῶν
757 1316 892 1391 οἰκείων
900 1318 1076 1390 κατελθών
1085 1325 1118 1401 ἐς
1125 1318 1163 1390 τὸ
1173 1319 1269 1407 ἀστυ,

311 1424 393 1516 μετά
407 1423 513 1512 πάσης
527 1420 692 1513 εὐφημίας
704 1452 740 1493 τε
760 1427 817 1493 καὶ
839 1430 1061 1514 παραπομπῆς
1080 1430 1140 1494 τού
1160 1422 1269 1513 δύμον

312 1526 514 1617 ὑποδεχθεὶς
528 1530 561 1608 ἐς
573 1525 635 1617 τὴν
648 1536 821 1616 βασίλειον
833 1532 1026 1616 ἐπανῆλθεν
1039 1525 1157 1618 αὐλήν.
1193 1554 1266 1597 πει·
1287 1547 1310 1587 1⁰

314 1636 432 1724 ραθεὶς
445 1632 483 1702 δὲ
495 1632 665 1702 τοσούτων
684 1631 858 1702 κινδύνων
878 1628 1025 1712 ἀπίστως
1043 1633 1269 1722 προσεφέρετο

313 1743 434 1822 πᾶσιν,
457 1733 605 1824 ἀφειδῶς
631 1762 668 1803 τε
692 1733 849 1824 φονεύων
876 1737 933 1804 καὶ
951 1735 1071 1815 πάσαις
1098 1741 1271 1823 διαβολαῖς

314 1845 439 1933 ῥαδίως
453 1837 641 1924 πιστεύων,
662 1842 750 1928 μηδέ
760 1866 836 1908 τινα
850 1841 1065 1928 προσιέμενος
1084 1845 1153 1908 τῶν
1167 1838 1270 1926 λόγου

313 1940 432 2027 ἀξίων,
447 1939 530 2011 ἀλλά
550 1945 608 2029 τῆς
628 1941 690 2030 μὲν
709 1943 786 2032 περὶ
807 1939 847 2010 τά
865 1940 950 2012 καλά
972 1947 1120 2030 σπονδῆς
1140 1938 1271 2031 ἀπῆγεν

314 2045 448 2129 ἑαυτόν,
464 2043 673 2114 δεδούλωντο
687 2044 726 2114 δέ
739 2050 850 2114 πᾶσαν
869 2042 974 2114 αὐτοῦ
995 2044 1057 2134 τὴν
1074 2043 1187 2134 ψυχὴν
1205 2044 1267 2114 νύ·
1290 2068 1310 2108 ιο

314 2177 403 2237 κτωρ
413 2176 449 2217 τε
462 2150 518 2217 καὶ
526 2144 605 2237 μεθ’
621 2143 748 2239 ἡμέραν
755 2147 933 2236 ἐπάλληλοι
946 2151 1002 2218 καὶ
1015 2147 1190 2219 ἀκόλαστοι
1204 2147 1270 2217 σοι’-

278 2271 297 2325 8
316 2278 417 2342 ματος
437 2247 567 2340 ἡδοναί.
619 2254 677 2321 καὶ
704 2251 851 2341 σύφρων
873 2252 936 2342 μὲν
957 2259 1021 2335 πᾷς
1041 2254 1097 2321 καὶ
1118 2258 1272 2332 παιδείας

314 2351 379 2426 κάν
403 2363 545 2445 μετρίως
572 2358 781 2445 μεμνημένος
808 2362 867 2445 τῆς
891 2353 996 2445 αύλῆς
1023 2351 1067 2436 ἀς
1094 2358 1272 2444 ἐπίβουλος

315 2458 488 2545 ἐδιύκετο,
501 2462 718 2547 γελωτοποιοὶ
732 2459 769 2530 δέ
781 2461 838 2529 καὶ
854 2465 922 2529 τῶν
936 2466 1115 2547 αἰσχίστων
1129 2455 1269 2549 ύποκρι-

314 2566 368 2634 ταὶ
388 2562 479 2651 εἶχον
498 2559 602 2632 αὐτὸν
623 2558 826 2654 ὑποχείριον.
873 2559 1031 2652 ἁρμάτων
1048 2590 1085 2631 τε
1104 2557 1271 2651 ἡνιοχείας
1288 2590 1310 2631 α

314 2670 372 2738 καὶ
398 2673 531 2757 θηρίων
553 2668 586 2749 ἐξ
605 2664 826 2756 ἀντιστάσεως
846 2666 950 2756 μάχας
969 2664 1180 2751 ἐπαιδεύετο,
1203 2672 1272 2736 τῶν

314 2772 377 2861 μὲν
390 2770 544 2839 κολάκων
565 2774 599 2850 ἐς
615 2767 773 2861 ἀνδρείας
794 2771 896 2853 δόξαν
914 2767 999 2839 αὐτά
1016 2766 1271 2858 ἀννμνούντων,

314 2879 374 2943 τού
396 2872 434 2941 δέ
453 2870 700 2964 ἀπρεπέστερον
723 2868 937 2963 μετιόντοςῆ
963 2881 1096 2961 βασιλεῖ
1119 2874 1272 2964 σώφρονι

313 2973 464 3066 ἥρμοζεν.
1135 3039 1148 3063 ,

268 3094 307 3153 14
418 3078 572 3166 ἐγένοντο
586 3075 627 3144 δέ
636 3102 725 3157 τινες
737 3074 811 3146 κατ’
829 3080 938 3147 ἐκεῖνο
952 3084 1072 3168 καιροῦ
1085 3081 1141 3149 καὶ
1155 3084 1269 3168 διοση-
1288 3102 1310 3143 οε

315 3189 397 3272 μίαι.
425 3178 559 3270 ἀστέρες
577 3176 641 3268 γάρ
655 3174 786 3271 ἡμέρωι
799 3186 947 3269 συνεχῶς
960 3185 1151 3271 ἐβλέποντο,
1166 3185 1276 3273 ἕτεροί

314 3314 351 3355 τε
365 3289 398 3365 ἐς
411 3290 514 3373 μῆκος
528 3286 765 3372 κεχαλασμένοι
780 3280 825 3366 ως
838 3288 876 3355 ἐν
888 3286 978 3379 μέσῳ
992 3283 1065 3376 ἀέρι
1084 3288 1273 3374 κρέμασθαι

316 3396 446 3461 δοκεῖν·
474 3386 540 3480 ζῷά
561 3414 597 3455 τε
619 3404 760 3459 παντοῖα
780 3391 837 3459 καὶ
855 3386 918 3479 τὴν
943 3392 1074 3460 ἑαυτῶν
1094 3388 1201 3477 φύσιν
1227 3387 1272 3478 μὴ

314 3496 482 3583 τηροῦντα
496 3490 641 3580 σχήμασί
658 3520 694 3561 τε
707 3490 909 3573 ἀλλοδαποῖς
922 3495 979 3563 καὶ
996 3495 1110 3583 μέρεσι
1124 3491 1274 3581 σωματος

316 3594 534 3686 ἀναρμόστοις
548 3595 706 3676 πολλάκις
719 3594 908 3686 ἀπεκνήθη.
928 3595 965 3666 νδ
978 3599 1134 3685 μέγιστον
1148 3596 1186 3665 δὲ
1200 3602 1269 3665 δει-
1289 3618 1310 3662 α

286 3700 395 3786 ενόν,
410 3696 429 3768 δ
442 3700 498 3768 καὶ
517 3696 577 3768 τδν
589 3700 739 3791 παρόντα
759 3698 877 3791 καιρδν
896 3697 1041 3786 ἐλύπησε
1058 3699 1115 3767 καὶ
1134 3698 1216 3789 πρὸς
1235 3697 1273 3768 τὸ

303 3807 439 3886 ,κε’λλον
462 3808 658 3892 οίωνίσματι
682 3804 740 3871 καὶ
767 3803 886 3901 φαύλφ
903 3802 1061 3897 σνμβόλφ
1080 3804 1273 3892 χρωμένους
