3134 4367
691 430 866 491 ΟΓΔΟΟΝ
1194 430 1255 493 205
1321 447 1323 454 ’

295 599 506 692 ἀμυνοῦντες
527 597 655 690 αὐτοῖς,
683 601 850 690 μαθόντες
871 605 906 671 οί
920 605 1158 691 πραιτωριαυολ
1174 601 1257 692 ἀφι-

295 706 507 793 κνουμένους
520 704 726 793 φονεύουσιν
745 700 811 795 ἤδη
825 711 893 774 πᾶν
907 702 945 774 τό
959 711 1052 793 σῶμα
1067 712 1256 797 λελωβημέ-

295 836 380 889 νους
392 806 472 888 τούς
485 809 649 897 βασιλέας.
678 809 735 877 καλ
748 807 985 889 καταλιπόντες
998 806 1039 877 τά
1051 808 1186 897 στόματα
1199 814 1256 899 ἐρ·
1279 797 1284 814 ’

297 912 442 1002 ριμμίνα
455 912 511 980 ἐπὶ
530 918 587 998 τῆς
604 911 799 999 λεωφόρου,
813 907 973 1000 ἀράμενοι
988 910 1025 980 δὲ
1038 908 1098 980 τόν
1111 918 1257 1000 Γορδια-
1307 925 1310 932 ’

270 1012 361 1095 ςνὸν
373 1020 529 1105 Καίσαρα
542 1010 641 1101 ὄντα,
655 1011 886 1103 αότοκράτορά
905 1042 941 1083 τε
961 1010 1256 1103 ἀναγορεύσαντες,

296 1114 415 1205 ἐπειδὴ
434 1116 518 1206 πρὸς
539 1115 576 1185 τὸ
591 1113 819 1206 παρόνάλλον
833 1112 895 1205 οὐχ
917 1107 1036 1207 εὖρον,
1057 1120 1201 1206 βοῶντές
1222 1146 1257 1187 τε

296 1219 383 1311 πρὸς
395 1217 456 1289 τόν
469 1225 575 1309 δῆμον
588 1215 639 1291 ότι
653 1218 718 1308 ἀρα
728 1230 845 1310 εἴησαν
859 1215 1077 1302 ἀπεκτονότες
1090 1217 1149 1303 οὒς
1162 1217 1180 1291 ὁ
1196 1226 1259 1309 δη-

297 1352 359 1412 μος
373 1326 411 1393 ἐν
426 1318 511 1413 ἀρχῇ
527 1319 590 1393 οὐκ
603 1322 759 1412 ε’βοόλετο
773 1319 880 1411 ἀρξαι,
894 1322 1082 1411 Γορόιανόν
1094 1351 1130 1393 τε
1144 1326 1259 1394 ἐπελέ-

297 1432 398 1510 ξαντο
411 1428 544 1496 ἐκείνου
557 1453 593 1496 τε
606 1423 778 1514 ἀπόγονον
790 1421 897 1495 καλόν
910 1422 1007 1496 αὐτοὶ
1023 1424 1175 1515 Ῥωμαῖοι
1188 1430 1258 1510 ἐξε-

255 1568 282 1607 10
300 1529 479 1619 βιάσαντο,
494 1534 624 1617 ἔχοντες
638 1525 744 1599 αὐτὸν
756 1525 962 1610 ἀπελθόντες
979 1532 1012 1610 ἐς
1025 1527 1062 1600 τό
1076 1531 1259 1615 στρατόπε-

300 1639 382 1719 δον,
396 1639 654 1720 συγκλείσαντες
669 1630 728 1714 τάς
740 1631 849 1713 πόλας
862 1628 1035 1720 ἡσύχαζον.
1072 1637 1106 1701 οί
1121 1634 1159 1702 δὲ
1172 1641 1258 1719 Γερ-

298 1736 402 1827 μανοὶ
422 1735 588 1823 μαθόντες
606 1731 838 1825 ἀνῃρημένους
851 1763 887 1804 τε
900 1736 957 1803 καλ
970 1737 1189 1823 ἐρριμμένους
1210 1728 1259 1806 όν

298 1838 399 1928 χάριν
414 1835 611 1927 ἠπείγοντο,
625 1836 687 1926 οόχ
700 1838 851 1925 ἑλόμενοι
864 1836 1010 1926 πόλεμον
1024 1838 1164 1926 μάταιου
1173 1836 1259 1927 ὑπὲρ

298 1940 438 2029 ἀνδρῶν
452 1940 681 2030 τεθνηκότων,
702 1945 896 2029 ἐπανῆλθον
909 1943 943 2023 ἐς
960 1938 997 2012 τό
1012 1943 1142 2013 ἑαυτῶν
1157 1971 1260 2013 κατα-

259 2079 282 2118 15
300 2071 438 2135 γωγιου.

403 2148 490 2217 τέλει
502 2146 565 2235 μὲν
577 2144 620 2234 δὴ
633 2145 774 2239 τοιοότμ
796 2145 975 2235 ἐχρήσαντο
994 2144 1118 2239 ἀυαξίμ
1138 2174 1173 2216 τε
1192 2142 1259 2235 ἅμα
1272 2157 1291 2211 8

301 2254 359 2321 καὶ
374 2246 499 2343 ἀνοσίῳ
512 2251 629 2339 σεμνοί
642 2251 699 2318 καλ
713 2249 817 2337 λόγου
832 2246 918 2333 ἀξιοι
938 2257 1140 2341 πρεσβῦται,
1161 2247 1259 2337 εόγε-
1307 2337 1311 2344 ¹

301 2371 374 2445 υερς
387 2381 423 2423 τε
436 2355 493 2423 καλ
506 2348 580 2423 κατ’
595 2348 692 2435 ἀξίαν
712 2354 768 2422 ἐπὶ
788 2348 850 2440 τὴν
872 2347 977 2440 ἀρχὴν
997 2351 1211 2441 ἐληλυθότες·
1241 2348 1259 2420 ὁ

302 2458 342 2529 δὲ
355 2455 541 2547 Γορθιαυός
554 2456 632 2543 περὶ
651 2462 707 2543 ἔτη
723 2481 791 2524 που
810 2453 958 2544 γεγονώς
970 2459 1184 2544 τρισκαίδεκα
1196 2451 1260 2521 αό-

259 2598 286 2637 w
303 2559 476 2652 τοκράτωρ
490 2587 525 2630 τε
540 2555 721 2646 ἀνεδείχθη
735 2560 793 2626 καλ
805 2556 868 2645 τὴν
877 2553 1047 2647 Ῥωμαίων
1060 2553 1165 2646 ἀρχὴν
1182 2553 1261 2625 ἀνε-

303 2667 429 2749 (λέξατο.
