3134 4367
585 443 589 468 .·
653 417 870 479 τειοιτοα
1180 418 1239 500 ιτε

278 588 444 682 ἐροῦντάς
457 617 508 676 τι,
523 583 574 671 οἷς
595 584 685 677 εἰχον
706 586 962 673 ῦποκολπιδίοις
980 593 1089 679 ξίφεσι
1110 593 1238 680 φονεῦ-

278 719 345 766 σαι.
373 690 461 782 άπερ
475 692 583 762 πάντα
597 693 837 782 προυχώρησεν
852 689 895 774 ῶς
910 696 1092 765 ἐκέλενσεν.
1112 703 1159 765 ἔτι
1173 694 1238 786 γάρ

278 794 405 879 νυκτὸς
434 792 553 884 οῦσης,
580 792 692 887 ῶσπερ
719 800 846 879 ἐκεῖνος
882 796 997 867 εἰώθει
1023 796 1088 885 πρὸ
1114 794 1238 888 ἡμέρας

250 927 251 930 ’
278 902 453 991 προϊέναι,
472 901 657 988 ἐπέστησαν
678 896 771 992 αὐτῷ
799 899 974 989 ἰδιάζοντι,
1004 900 1089 990 μηδὲ
1112 908 1238 971 πολλοῦ

253 1037 264 1077 ε
279 1004 434 1093 πλήθους
448 1002 628 1091 παρόντος·
656 1010 690 1073 οἳ
701 1003 764 1092 μὲν
776 1001 841 1091 γάρ
854 999 937 1074 οῦδὲ
949 1003 1237 1094 προεληλύθεσαν,
1251 1018 1270 1071 8

279 1116 313 1177 οἰ
326 1107 366 1177 δέ
380 1104 710 1195 προσαγορεύσαντες
719 1105 785 1196 πρὸ
795 1103 919 1196 ἡμέρας
932 1103 1238 1197 ιἰνακεχωρήκεοαν.

277 1206 418 1298 ἡσυχίας
436 1237 471 1279 τε
494 1199 559 1278 οῦν
579 1206 681 1298 ούσης
700 1206 826 1298 ὀλίγων
850 1238 885 1279 τε
907 1208 972 1301 πρὸ
995 1218 1055 1280 τοῦ
1078 1217 1240 1296 οἰκίσκον,

278 1312 489 1401 δηλώσαντες
503 1307 594 1405 αῦτῶ
608 1311 649 1381 τά
666 1314 891 1402 προειρημένα
905 1316 1028 1405 ρηιδίως
1048 1315 1242 1402 εἰσεδέχθη-

279 1437 358 1486 σαν·
377 1415 548 1497 ἐπιδόντες
563 1415 600 1495 δέ
614 1414 654 1484 τά
668 1416 860 1506 γράμματα,
885 1420 1017 1486 ἐκείνου
1036 1433 1108 1499 ταῖς
1129 1441 1240 1506 σφρα-

246 1553 265 1595 ιι
279 1535 348 1609 γίσι
362 1517 421 1599 τάς
441 1515 535 1600 όψεις
552 1519 790 1608 ἐπιβάλλοντος
810 1519 1036 1608 προβαλόντες
1055 1519 1095 1590 τά
1111 1524 1240 1609 ξιφίδια

278 1624 335 1693 καί
348 1629 529 1702 παίσαντες
543 1621 765 1710 φονεύουσιν,
780 1624 910 1710 ἔχοντές
930 1650 965 1691 τε
979 1620 1065 1692 αύτά
1078 1624 1240 1714 πρόκωπα
1289 1693 1292 1704 ,

278 1731 509 1817 προπηδῶσιν.
563 1730 598 1795 οἰ
608 1725 646 1795 δέ
659 1726 822 1814 παρόντες
838 1727 1055 1814 ἐκπλαγέντες
1069 1724 1239 1816 άνεχώρη-
1253 1746 1271 1801 9

278 1851 361 1917 σαν,
376 1829 525 1917 οἰόμενοι
534 1834 730 1917 Μαξιμίνον
745 1825 807 1918 τὴν
821 1833 976 1900 κέλευσιν
990 1828 1091 1899 εἰναι·
1107 1833 1162 1899 καί
1176 1828 1240 1919 γάρ

279 1936 387 2003 ἐποίει
400 1940 500 2002 τοῦτο
513 1932 672 2013 πολλάκις
685 1934 740 2001 καί
759 1934 837 2021 περί
858 1931 936 2013 τοῦς
957 1937 1140 2014 δοκοῦντας
1155 1932 1241 2004 εἰναι
1276 1947 1281 1954 ’

246 2060 263 2101 ιι
282 2035 476 2126 φιλτάτους.
504 2035 724 2116 κατελθόντες
744 2035 781 2105 δὲ
796 2034 852 2105 διά
866 2038 967 2124 μέσης
980 2044 1037 2125 τῆς
1053 2042 1144 2125 ἱεράς
1157 2034 1241 2108 ὁδοῦ

278 2142 479 2231 προτιθέασι
493 2137 533 2207 τά
546 2138 629 2229 πρὸς
648 2136 708 2209 τόν
721 2144 829 2228 δῆμον
848 2148 908 2209 τοῦ
921 2144 1112 2230 Γορδιανοῦ
1134 2141 1242 2229 γράμ·

278 2270 377 2331 ματα,
391 2258 461 2324 τοῖς
470 2270 506 2311 τε
519 2238 657 2323 ὑπάτοις
671 2244 728 2311 καί
742 2258 811 2324 τοῖς
820 2250 947 2323 λοιποῖς
960 2241 1001 2311 τά
1014 2246 1239 2332 ἐπεσταλμένα

279 2345 429 2417 διδόασι·
451 2345 735 2416 διασκεδάννυταί
751 2374 787 2415 τε
803 2341 864 2415 ὑπ’
885 2342 999 2415 αῦτῶν
1010 2347 1102 2437 φήμη
1117 2343 1160 2429 ῶς
1175 2343 1239 2433 άρα

278 2450 534 2537 κπίΜαξιμῑνος
544 2458 595 2538 εἰη
609 2445 825 2539 άνηρημένος.
841 2444 885 2529 ῶς
899 2448 937 2517 δὲ
951 2455 1142 2538 διεφοίτησε
1155 2456 1238 2518 ταῦ-
1251 2447 1269 2506 7

246 2579 339 2641 κτα,
364 2548 495 2633 εύθέας
520 2559 583 2633 πῶς
612 2548 630 2621 ὁ
654 2557 757 2640 δῆμος
783 2548 895 2640 ῶσπερ
921 2554 1111 2621 ἐνθουσιῶν
1131 2552 1240 2621 διέθει

279 2662 467 2743 πανταχοῦ·
490 2657 546 2725 καί
567 2654 688 2735 πάντες
704 2654 767 2742 μὲν
783 2652 847 2742 γάρ
862 2649 952 2740 ῦχλοι
965 2660 1090 2741 κοῦφοι
1104 2651 1186 2741 πρός
1199 2651 1240 2722 τά

279 2759 585 2848 καινοτομούμενα,
600 2754 618 2827 ό
633 2758 670 2827 δὲ
684 2754 856 2846 Ῥωμαίων
874 2762 978 2844 δῆμος
992 2760 1029 2826 ἐν
1042 2756 1165 2845 πλήθει
1179 2784 1240 2845 με-

280 2871 383 2957 γίστφ
411 2865 467 2932 καί
493 2869 634 2955 ποικίλῳ
659 2861 862 2950 συγκλύδων
878 2887 914 2929 τε
934 2856 1128 2951 ἀνθρώπων
1152 2860 1239 2930 πολύ
1330 2906 1345 2937 .

280 2968 335 3037 καί
349 2962 472 3059 ῥηίδιον
486 2972 552 3054 ἐχει
566 2964 603 3035 τό
618 2972 675 3055 τῆς
688 2964 821 3054 γνώμης
836 2959 1023 3053 εῦκίνητον.
1076 2962 1238 3056 άνδριάν-
1253 2975 1271 3028 2

246 3092 333 3152 ετες
356 3060 426 3140 οῦν
444 3071 501 3138 καί
523 3069 650 3150 εἰκόνες
670 3076 765 3156 τιμαί
778 3096 815 3138 τε
840 3074 941 3138 πᾶσαι
962 3075 1022 3138 τοῦ
1045 3072 1239 3157 Μαξιμίνου

260 3221 262 3223 -
280 3181 512 3260 κατεσπῶντο,
528 3169 634 3242 καὶτὸ
648 3170 799 3258 κρυπτὸν
812 3172 975 3261 πρότερον
990 3170 1047 3241 διὰ
1061 3171 1170 3261 φόβου
1183 3188 1239 3262 μί-

280 3298 336 3359 σος
354 3273 456 3358 άδεες·
464 3278 521 3346 καί
536 3272 751 3358 αὐτεξούσιον
771 3276 954 3364 γενόμενον
969 3271 1148 3355 άκοιλύτως
1168 3279 1234 3359 ἐξε-

280 3397 378 3467 χεῖτο.
408 3375 481 3469 ἥτε
502 3380 688 3468 σύγκλητος
708 3386 924 3448 συνελθοῦσα
944 3379 1026 3467 πρὶν
1046 3376 1082 3448 τό
1103 3376 1239 3469 ἀκριβὲς

282 3486 409 3555 εἰδέναι
421 3485 498 3573 περί
519 3489 579 3553 τοῦ
592 3483 802 3569 Μαξιμίυον,
824 3484 861 3551 ἐκ
877 3487 934 3569 τῆς
951 3482 1121 3571 παρούσης
1139 3482 1240 3571 τύχης

249 3610 269 3652 ιι
283 3585 319 3656 τά
332 3590 499 3677 μέλλοντα
514 3583 822 3666 πιστεύσαντεςτόν
835 3583 1023 3673 Γορδιαυόν
1036 3581 1102 3673 ῦμα
1115 3592 1161 3678 τῶ
1175 3589 1238 3654 vc·

283 3688 466 3782 σεβαστοῦς
483 3686 743 3778 ἀναγορεύουσι,
758 3685 816 3768 τάς
834 3687 871 3756 δὲ
889 3694 949 3758 τοῦ
971 3692 1166 3776 Μαξιμίνον
1187 3712 1238 3755 τι-

284 3793 343 3892 μάς
357 3793 593 3885 ἀνατρέπουσι.
646 3786 856 3883 σνκοφάυται
876 3819 912 3864 τε
932 3784 996 3865 οῦν
1015 3793 1076 3861 καὶ
1094 3794 1130 3859 οἱ.
1149 3787 1292 3875 ’γενεὰ
