3134 4367
678 416 903 478 AETTEPON
1225 420 1266 483 49

304 594 419 680 οἰκείῳ
428 588 486 655 καί
499 590 535 656 ἐκ
544 589 663 674 γένους
674 584 812 676 ὀνόματι
820 587 1002 677 Κόμμοδον
1014 586 1261 672 ἀξιοῦσινάπο-

304 699 496 761 καλεῖσθαι.
523 690 563 758 τά
575 718 611 759 τε
625 708 744 779 σημεῖα
757 689 898 780 ἀραντες
905 744 915 778 ,
930 693 986 761 καὶ
998 690 1055 773 τάς
1069 698 1199 767 ἐκείνου
1213 705 1261 767 εί·

304 795 406 874 κόνας
420 791 759 883 ἀποκαταστῆσαντες,
768 798 978 884 προπέμπειν
991 797 1180 887 ἐπειρῶντο.
1194 801 1260 872 θό-
1278 827 1313 881 12

304 920 365 978 σας
380 898 417 967 δὲ
432 893 450 966 ὁ
465 895 645 977 Ἰουλιανὸς
664 895 721 977 τάς
739 901 979 988 νενομισμένας
999 903 1056 969 καὶ
1074 909 1263 988 βασιλείους

275 1036 289 1077 5
305 1006 343 1072 έν
356 1007 404 1094 τῷ
418 1004 631 1095 στρατοπέδω
639 1009 772 1087 θυσίας,
782 1002 946 1091 προήγετο
955 998 1018 1072 ὑπ’
1034 999 1146 1075 αὐτῶν
1160 1012 1262 1078 πλέον

303 1135 335 1177 τι
359 1111 418 1193 τῆς
438 1113 623 1193 συνηθείας
645 1104 954 1196 δορυφορούμενος·
976 1104 1034 1175 ἅτε
1053 1106 1117 1195 γάρ
1130 1117 1188 1199 βία
1206 1114 1263 1181 καὶ

303 1206 395 1297 παρά
409 1208 548 1297 γνῶμην
568 1214 628 1278 τοῦ
648 1209 756 1299 δῆμου
773 1208 855 1297 μετά
873 1238 909 1279 τε
927 1216 1064 1299 αἰσχρᾶς
1082 1214 1139 1281 καὶ
1159 1210 1260 1303 ἀπρε-

304 1318 389 1391 ποῦς
403 1316 562 1400 διαβολῆς
576 1309 788 1401 ὠνησάμενος
807 1309 869 1401 τῆν
888 1310 1010 1403 ἀρχῆν,
1032 1315 1166 1395 εἰκότως
1187 1318 1260 1386 έδε·

305 1422 372 1485 δίει
385 1412 445 1484 τόν
459 1421 567 1503 δῆμον
581 1411 624 1495 ῶς
639 1414 934 1505 ἐναντιωσόμενον.
962 1412 1186 1508 ἀναλαβόντες
1199 1411 1263 1490 οὖν
1279 1429 1313 1483 13

263 1555 288 1595 1⁰
306 1518 364 1600 τάς
387 1526 574 1598 πανοπλιας
592 1546 648 1587 και
638 1514 913 1609 φράξαντες’
872 1547 994 1600 αυτους
1014 1527 1049 1591 οί
1065 1529 1264 1612 στρατιῶται

305 1627 339 1704 ἐς
352 1622 525 1741 φάλαγγος
538 1628 645 1711 σχῆμα
659 1618 758 1702 ῶςε
711 1674 721 1709 ,
743 1624 873 1709 είδέοι,
887 1626 944 1692 καὶ
958 1625 1290 1749 nokepfimeg‘,
1225 1630 1263 1696 ἐν

305 1728 419 1815 μέσοις
432 1720 546 1805 αὐτοῖς
559 1722 737 1813 ἔχοντες
702 1736 796 1794 τονί
784 1731 875 1795 ίδιον
886 1730 1041 1816 βασιλέα,
1055 1725 1175 1819 ὑπέρ
1154 1757 1190 1798 τε
1204 1735 1262 1819 τῆς

305 1834 456 1918 κεφαλῆς
470 1828 720 1918 αίωροῶντες
684 1858 742 1908 τας
755 1826 897 1910 ἀσπίδας
916 1827 1029 1899 καί
993 1858 1033 1900 τα
1054 1832 1195 1931 δόρατα,
1217 1831 1266 1922 μῆ

306 1959 403 2001 που
395 1935 452 2001 καὶ
472 1940 583 2001 λίθων
607 1960 656 2013 τις
682 1930 810 2022 βολῆ’
792 1930 858 2001 από
875 1939 944 2003 τῶν
964 1935 1058 2023 δωμ’
1058 1962 1127 2004 των
1147 1938 1202 2005 ἐπὶ
1221 1941 1263 2026 τῆ

264 2068 288 2109 ιε
306 2040 422 2125 πομπῆ
437 2038 583 2123 γένοιτο,
597 2033 768 2125 ἀνηγαγον
781 2034 885 2106 αὐτόν
904 2042 937 2119 ἐς
954 2066 995 2107 τα
984 2035 1186 2127 βασίλεια,
1197 2067 1261 2128 μη-

305 2136 402 2219 δενός
414 2144 483 2207 τῶν
497 2145 651 2226 δημοτῶν
663 2140 744 2230 μῆτε
764 2137 957 2229 ἀντιστῆναι
976 2147 1162 2230 τολμῶντος
1180 2142 1262 2231 μήτε

304 2240 372 2332 μῆν
401 2239 631 2330 εόφημοῶντος
653 2240 765 2333 ῶσπερ
788 2244 930 2314 είῶθασι
951 2248 1161 2334 προπέμπειν
1183 2243 1263 2326 τούς

304 2352 479 2435 βασιλέας·
494 2343 692 2416 τούναντίον
706 2348 744 2417 δέ
756 2349 812 2417 καὶ
826 2348 1007 2438 πόρρωθεν
1016 2351 1152 2428 ἑστῶτες
1161 2352 1258 2437 έβλα-
1371 2364 1375 2378 “

305 2448 463 2538 σφῆμουν
477 2451 531 2517 καὶ
547 2456 656 2530 κακῶς
668 2448 834 2541 ῆγόρευον
848 2449 905 2522 άτε
924 2451 1102 2542 χρημάτων
1123 2449 1258 2521 ἀντικα-

264 2589 291 2629 w
306 2552 555 2640 ταλλαξάμενον
568 2551 630 2641 τῆν
647 2551 763 2643 ἀρχήν.

407 2655 481 2725 τότε
496 2656 533 2725 δέ
552 2658 609 2725 καὶ
623 2663 754 2746 πρῶτον
768 2651 1007 2743 ὑποδιεφθάρη
1024 2651 1064 2723 τά
1077 2658 1145 2722 τῶν
1158 2673 1258 2741 στρα-
1278 2660 1311 2714 14

305 2765 436 2828 τιωτῶν
455 2757 541 2848 ῆθη,
568 2762 623 2829 καὶ
642 2760 820 2849 χρημάτων
846 2757 1072 2846 ἐδιδάχθησαν
1090 2753 1261 2844 ἀπληστον
1290 2770 1295 2785 ’

305 2864 361 2932 καὶ
387 2860 528 2952 αίσχράν
555 2866 740 2952 ἐπιθυμίαν
767 2861 1019 2950 καταφρόνησίν
1036 2888 1071 2930 τε
1100 2866 1158 2949 τῆς
1178 2857 1262 2951 πρός.

305 2964 383 3046 τοὺς
396 2964 558 3056 ἀρχοντας
571 2973 696 3047 αι’δοῶς.
723 2964 760 3037 τό
773 2963 837 3054 γάρ
850 2965 931 3055 μῆτε
951 2982 1019 3046 τοῖς
1039 2960 1145 3044 οὕτως
1165 2960 1261 3052 ῶμῶς

266 3100 291 3140 τε
308 3073 561 3159 τετολμημένοις
575 3072 612 3138 έν
631 3072 726 3164 φόνῳ
745 3077 792 3165 τῷ
809 3075 972 3162 βασιλικῷ
991 3071 1154 3151 ἐπεξιέναι
1172 3067 1261 3154 τινά,-

306 3172 387 3262 μῆτε
407 3170 471 3261 τῆν
492 3170 597 3253 οὕτως
616 3171 772 3263 ἀπρεπῶς
793 3175 847 3244 έπὶ
867 3174 1009 3263 χρήμασι
1030 3182 1259 3263 κηρυχθεϊσαν

306 3278 362 3346 καὶ
381 3287 574 3366 πραθεῖσαν
593 3272 698 3366 ἀρχῆν
720 3278 806 3347 εἶναι
825 3274 886 3346 τόν
904 3276 1094 3361 κωλύοντα,
1114 3272 1260 3365 ἀρχηγόν

308 3382 363 3449 καὶ
377 3390 487 3450 αίτιον
501 3377 671 3470 ἀπρεποῦς
692 3384 748 3451 καί
770 3379 934 3461 ἀπενθοῦς
954 3378 1184 3459 καταστάσεως
1204 3380 1260 3447 καὶ

308 3486 341 3564 ές
354 3482 395 3553 τά
409 3484 545 3553 ἐπιόντα
559 3484 707 3571 ἐγένετο,
723 3482 775 3554 ἀεὶ
790 3482 903 3563 αὐτοῖς
923 3489 980 3570 τῆς
1001 3489 1260 3572 φιλοχρηματίας

272 3620 295 3661 ιι
310 3590 420 3656 καὶ
379 3613 438 3675 της
451 3593 520 3656 τῶν
533 3584 705 3676 ἀρχόντων
717 3585 996 3679 καταφρονήσεως
1008 3588 1064 3655 καὶ
1083 3589 1195 3675 μέχρις
1208 3586 1263 3651 αἵ-

311 3718 410 3779 ματος
423 3687 634 3778 αὐξηθείσης.

404 3821 432 3862 ο
420 3785 535 3863 δ
494 3821 558 3863 ουν
567 3789 829 3875 Ἰουλιανόςέπεὶ
839 3796 1018 3888 παρῆλθεν
1035 3786 1112 3874 ἐς
1079 3816 1142 3877 την
1157 3782 1312 3875 Bw&

299 3960 303 3966 .
350 3924 530 3967 ππεονιεν.
1130 3901 1154 3962 Δ.
