<?xml version="1.0" encoding="UTF-8"?>
<!DOCTYPE html PUBLIC "-//W3C//DTD XHTML 1.0 Transitional//EN"
    "http://www.w3.org/TR/xhtml1/DTD/xhtml1-transitional.dtd">
<html xmlns="http://www.w3.org/1999/xhtml" xml:lang="en" lang="en">
 <head>
  <title>
</title>
<meta http-equiv="Content-Type" content="text/html;charset=utf-8" />
  <meta name='ocr-system' content='tesseract 3.04.00' />
  <meta name='ocr-capabilities' content='ocr_page ocr_carea ocr_par ocr_line ocrx_word'/>
</head>
<body>
  <div class='ocr_page' id='page_1' title='image "./herodianiabexce00herogoog_0082.png"; bbox 0 0 3134 4367; ppageno 0'>
   <div class='ocr_carea' id='block_1_1' title="bbox 320 397 875 459">
    <p class='ocr_par' dir='ltr' id='par_1_1' title="bbox 320 397 875 459">
     <span class='ocr_line' id='line_1_1' title="bbox 320 397 875 459; baseline 0 -1"><span class='ocrx_word' id='word_1_1' title='bbox 320 397 360 459; x_wconf 81' lang='lat'><strong><em>72</em></strong></span> <span class='ocrx_word' id='word_1_2' title='bbox 722 398 875 458; x_wconf 88' lang='lat' dir='ltr'><em>TPITON</em></span> 
     </span>
    </p>
   </div>
   <div class='ocr_carea' id='block_1_2' title="bbox 289 564 1300 1485">
    <p class='ocr_par' dir='ltr' id='par_1_2' title="bbox 289 564 1300 1485">
     <span class='ocr_line' id='line_1_2' title="bbox 319 564 1272 658; baseline -0.001 -19"><span class='ocrx_word' id='word_1_3' title='bbox 319 568 381 658; x_wconf 75' lang='grc' dir='ltr'><strong><em>την</em></strong></span> <span class='ocrx_word' id='word_1_4' title='bbox 400 565 548 639; x_wconf 75' lang='grc' dir='ltr'><strong><em>Ἐλλάδα.</em></strong></span> <span class='ocrx_word' id='word_1_5' title='bbox 589 564 672 638; x_wconf 87' lang='grc' dir='ltr'><strong><em>άλλδι</em></strong></span> <span class='ocrx_word' id='word_1_6' title='bbox 691 565 731 637; x_wconf 83' lang='grc' dir='ltr'><strong><em>τά</em></strong></span> <span class='ocrx_word' id='word_1_7' title='bbox 756 568 819 656; x_wconf 72' lang='grc' dir='ltr'><strong><em>μέν</em></strong></span> <span class='ocrx_word' id='word_1_8' title='bbox 840 571 979 638; x_wconf 78' lang='grc' dir='ltr'><strong><em>ἐκείνων</em></strong></span> <span class='ocrx_word' id='word_1_9' title='bbox 999 568 1189 658; x_wconf 75' lang='grc' dir='ltr'><em>γηράσαντα</em></span> <span class='ocrx_word' id='word_1_10' title='bbox 1215 569 1272 638; x_wconf 77' lang='grc' dir='ltr'><strong><em>καί</em></strong></span> 
     </span>
     <span class='ocr_line' id='line_1_3' title="bbox 319 669 1272 766; baseline -0.001 -24"><span class='ocrx_word' id='word_1_11' title='bbox 319 674 397 764; x_wconf 74' lang='grc' dir='ltr'><strong><em>περὶ</em></strong></span> <span class='ocrx_word' id='word_1_12' title='bbox 422 669 575 762; x_wconf 83' lang='grc' dir='ltr'><strong><em>άλλήλοις</em></strong></span> <span class='ocrx_word' id='word_1_13' title='bbox 591 672 811 766; x_wconf 69' lang='grc' dir='ltr'><strong><em>συντριβέντα</em></strong></span> <span class='ocrx_word' id='word_1_14' title='bbox 829 669 1027 741; x_wconf 76' lang='grc' dir='ltr'><strong><em>Μακεδόσιν</em></strong></span> <span class='ocrx_word' id='word_1_15' title='bbox 1047 669 1196 741; x_wconf 86' lang='grc' dir='ltr'><strong><em>εόάλωτα</em></strong></span> <span class='ocrx_word' id='word_1_16' title='bbox 1215 674 1272 742; x_wconf 81' lang='grc' dir='ltr'><strong><em>καὶ</em></strong></span> 
     </span>
     <span class='ocr_line' id='line_1_4' title="bbox 315 772 1271 864; baseline 0.001 -20"><span class='ocrx_word' id='word_1_17' title='bbox 315 773 484 863; x_wconf 86' lang='grc' dir='ltr'><strong><em>Ῥωμαίοις</em></strong></span> <span class='ocrx_word' id='word_1_18' title='bbox 505 781 610 845; x_wconf 80' lang='grc' dir='ltr'><strong><em>δοῦλα</em></strong></span> <span class='ocrx_word' id='word_1_19' title='bbox 629 776 818 864; x_wconf 88' lang='grc' dir='ltr'><strong><em>γεγένηται·</em></strong></span> <span class='ocrx_word' id='word_1_20' title='bbox 844 772 880 843; x_wconf 86' lang='grc' dir='ltr'><strong><em>τὸ</em></strong></span> <span class='ocrx_word' id='word_1_21' title='bbox 902 775 940 844; x_wconf 76' lang='grc' dir='ltr'><strong><em>δέ</em></strong></span> <span class='ocrx_word' id='word_1_22' title='bbox 961 773 1070 855; x_wconf 85' lang='grc' dir='ltr'><strong><em>πάθος</em></strong></span> <span class='ocrx_word' id='word_1_23' title='bbox 1090 781 1188 845; x_wconf 80' lang='grc' dir='ltr'><strong><em>τοῦτο</em></strong></span> <span class='ocrx_word' id='word_1_24' title='bbox 1209 782 1271 845; x_wconf 83' lang='grc' dir='ltr'><strong><em>τοῦ</em></strong></span> 
     </span>
     <span class='ocr_line' id='line_1_5' title="bbox 319 874 1271 968; baseline 0.001 -21"><span class='ocrx_word' id='word_1_25' title='bbox 319 879 418 968; x_wconf 84' lang='grc' dir='ltr'><strong><em>ζήλου</em></strong></span> <span class='ocrx_word' id='word_1_26' title='bbox 432 880 489 948; x_wconf 78' lang='grc' dir='ltr'><strong><em>καὶ</em></strong></span> <span class='ocrx_word' id='word_1_27' title='bbox 505 878 642 968; x_wconf 91' lang='grc' dir='ltr'><strong><em>φθόνου</em></strong></span> <span class='ocrx_word' id='word_1_28' title='bbox 662 884 829 966; x_wconf 76' lang='grc' dir='ltr'><strong><em>μετῆλθεν</em></strong></span> <span class='ocrx_word' id='word_1_29' title='bbox 842 880 875 959; x_wconf 86' lang='grc' dir='ltr'><strong><em>ἐς</em></strong></span> <span class='ocrx_word' id='word_1_30' title='bbox 889 875 947 957; x_wconf 79' lang='grc' dir='ltr'><strong><em>τὰς</em></strong></span> <span class='ocrx_word' id='word_1_31' title='bbox 960 874 1042 946; x_wconf 84' lang='grc' dir='ltr'><strong><em>καθ’</em></strong></span> <span class='ocrx_word' id='word_1_32' title='bbox 1064 875 1149 967; x_wconf 81' lang='grc' dir='ltr'><strong><em>ἡμᾶς</em></strong></span> <span class='ocrx_word' id='word_1_33' title='bbox 1163 874 1271 967; x_wconf 83' lang='grc' dir='ltr'><strong><em>ἄκμα-</em></strong></span> 
     </span>
     <span class='ocr_line' id='line_1_6' title="bbox 289 971 1300 1070; baseline 0.009 -25"><span class='ocrx_word' id='word_1_34' title='bbox 289 982 438 1066; x_wconf 79' lang='grc' dir='ltr'><strong><em>9ζοόσας</em></strong></span> <span class='ocrx_word' id='word_1_35' title='bbox 459 982 580 1062; x_wconf 89' lang='grc' dir='ltr'><strong><em>πόλεις.</em></strong></span> <span class='ocrx_word' id='word_1_36' title='bbox 613 979 696 1050; x_wconf 85' lang='grc' dir='ltr'><strong><em>κατά</em></strong></span> <span class='ocrx_word' id='word_1_37' title='bbox 714 981 776 1069; x_wconf 77' lang='grc' dir='ltr'><strong><em>μὲν</em></strong></span> <span class='ocrx_word' id='word_1_38' title='bbox 803 971 867 1050; x_wconf 86' lang='grc' dir='ltr'><strong><em>οόυ</em></strong></span> <span class='ocrx_word' id='word_1_39' title='bbox 887 978 949 1070; x_wconf 80' lang='grc' dir='ltr'><strong><em>τὴν</em></strong></span> <span class='ocrx_word' id='word_1_40' title='bbox 967 988 1138 1051; x_wconf 89' lang='grc' dir='ltr'><strong><em>Βιθυνίαν</em></strong></span> <span class='ocrx_word' id='word_1_41' title='bbox 1163 978 1271 1063; x_wconf 78' lang='grc' dir='ltr'><strong><em>εὐθὺς</em></strong></span> <span class='ocrx_word' id='word_1_42' title='bbox 1287 1012 1300 1055; x_wconf 82' lang='grc' dir='ltr'><strong><em>ε</em></strong></span> 
     </span>
     <span class='ocr_line' id='line_1_7' title="bbox 316 1081 1272 1177; baseline -0.001 -23"><span class='ocrx_word' id='word_1_43' title='bbox 316 1082 398 1173; x_wconf 84' lang='grc' dir='ltr'><strong><em>μετά</em></strong></span> <span class='ocrx_word' id='word_1_44' title='bbox 417 1083 457 1154; x_wconf 84' lang='grc' dir='ltr'><strong><em>τά</em></strong></span> <span class='ocrx_word' id='word_1_45' title='bbox 480 1088 518 1154; x_wconf 88' lang='grc' dir='ltr'><strong><em>ἐν</em></strong></span> <span class='ocrx_word' id='word_1_46' title='bbox 537 1092 670 1175; x_wconf 78' lang='grc' dir='ltr'><strong><em>Κυζίκῳ</em></strong></span> <span class='ocrx_word' id='word_1_47' title='bbox 689 1090 894 1172; x_wconf 77' lang='grc' dir='ltr'><strong><em>Νικομηδεῖς</em></strong></span> <span class='ocrx_word' id='word_1_48' title='bbox 912 1083 974 1171; x_wconf 72' lang='grc' dir='ltr'><strong><em>μὲν</em></strong></span> <span class='ocrx_word' id='word_1_49' title='bbox 996 1081 1138 1177; x_wconf 79' lang='grc' dir='ltr'><strong><em>Σεεήρῳ</em></strong></span> <span class='ocrx_word' id='word_1_50' title='bbox 1165 1106 1272 1173; x_wconf 91' lang='grc' dir='ltr'><strong><em>προσ-</em></strong></span> 
     </span>
     <span class='ocr_line' id='line_1_8' title="bbox 317 1183 1272 1277; baseline -0.001 -20"><span class='ocrx_word' id='word_1_51' title='bbox 317 1189 436 1257; x_wconf 87' lang='grc' dir='ltr'><strong><em>έθεντο</em></strong></span> <span class='ocrx_word' id='word_1_52' title='bbox 449 1190 505 1257; x_wconf 82' lang='grc' dir='ltr'><strong><em>καί</em></strong></span> <span class='ocrx_word' id='word_1_53' title='bbox 522 1189 676 1277; x_wconf 91' lang='grc' dir='ltr'><strong><em>πρέσβεις</em></strong></span> <span class='ocrx_word' id='word_1_54' title='bbox 693 1194 857 1275; x_wconf 78' lang='grc' dir='ltr'><strong><em>ἔπεμπον,</em></strong></span> <span class='ocrx_word' id='word_1_55' title='bbox 880 1186 942 1275; x_wconf 79' lang='grc' dir='ltr'><strong><em>τήν</em></strong></span> <span class='ocrx_word' id='word_1_56' title='bbox 955 1214 991 1255; x_wconf 90' lang='grc' dir='ltr'><strong><em>τε</em></strong></span> <span class='ocrx_word' id='word_1_57' title='bbox 1009 1190 1168 1275; x_wconf 82' lang='grc' dir='ltr'><strong><em>στρατιάν</em></strong></span> <span class='ocrx_word' id='word_1_58' title='bbox 1183 1183 1272 1258; x_wconf 77' lang='grc' dir='ltr'><strong><em>ὑπο-</em></strong></span> 
     </span>
     <span class='ocr_line' id='line_1_9' title="bbox 317 1286 1272 1381; baseline 0.001 -21"><span class='ocrx_word' id='word_1_59' title='bbox 317 1291 490 1380; x_wconf 85' lang='grc' dir='ltr'><strong><em>δεχόμενοι</em></strong></span> <span class='ocrx_word' id='word_1_60' title='bbox 503 1291 559 1359; x_wconf 80' lang='grc' dir='ltr'><strong><em>καὶ</em></strong></span> <span class='ocrx_word' id='word_1_61' title='bbox 573 1289 680 1361; x_wconf 91' lang='grc' dir='ltr'><strong><em>πάντα</em></strong></span> <span class='ocrx_word' id='word_1_62' title='bbox 694 1291 849 1381; x_wconf 79' lang='grc' dir='ltr'><strong><em>παρέξειν</em></strong></span> <span class='ocrx_word' id='word_1_63' title='bbox 862 1286 1137 1378; x_wconf 80' lang='grc' dir='ltr'><strong><em>ὑπισχνούμενοι,</em></strong></span> <span class='ocrx_word' id='word_1_64' title='bbox 1160 1299 1272 1361; x_wconf 90' lang='grc' dir='ltr'><strong><em>Νικα-</em></strong></span> 
     </span>
     <span class='ocr_line' id='line_1_10' title="bbox 318 1389 1271 1485; baseline 0 -22"><span class='ocrx_word' id='word_1_65' title='bbox 318 1408 364 1474; x_wconf 81' lang='grc' dir='ltr'><strong><em>εῖς</em></strong></span> <span class='ocrx_word' id='word_1_66' title='bbox 378 1394 415 1463; x_wconf 76' lang='grc' dir='ltr'><strong><em>δέ</em></strong></span> <span class='ocrx_word' id='word_1_67' title='bbox 429 1400 474 1485; x_wconf 74' lang='grc' dir='ltr'><strong><em>τῷ</em></strong></span> <span class='ocrx_word' id='word_1_68' title='bbox 489 1390 571 1483; x_wconf 86' lang='grc' dir='ltr'><strong><em>πρὸς</em></strong></span> <span class='ocrx_word' id='word_1_69' title='bbox 585 1395 797 1482; x_wconf 92' lang='grc' dir='ltr'><strong><em>Νικομηδέας</em></strong></span> <span class='ocrx_word' id='word_1_70' title='bbox 815 1400 905 1481; x_wconf 90' lang='grc' dir='ltr'><strong><em>μίσει</em></strong></span> <span class='ocrx_word' id='word_1_71' title='bbox 924 1389 1083 1463; x_wconf 88' lang='grc' dir='ltr'><strong><em>τάναντία</em></strong></span> <span class='ocrx_word' id='word_1_72' title='bbox 1100 1392 1271 1482; x_wconf 81' lang='grc' dir='ltr'><strong><em>ἐφρόνουν</em></strong></span> 
     </span>
    </p>
   </div>
   <div class='ocr_carea' id='block_1_3' title="bbox 268 1492 1310 1897">
    <p class='ocr_par' dir='ltr' id='par_1_3' title="bbox 316 1492 1310 1587">
     <span class='ocr_line' id='line_1_11' title="bbox 316 1492 1310 1587; baseline -0.004 -22"><span class='ocrx_word' id='word_1_73' title='bbox 316 1494 445 1565; x_wconf 79' lang='grc' dir='ltr'><strong><em>καὶτὸν</em></strong></span> <span class='ocrx_word' id='word_1_74' title='bbox 461 1494 603 1587; x_wconf 83' lang='grc' dir='ltr'><strong><em>στρατόν</em></strong></span> <span class='ocrx_word' id='word_1_75' title='bbox 621 1503 682 1565; x_wconf 84' lang='grc' dir='ltr'><strong><em>τοῦ</em></strong></span> <span class='ocrx_word' id='word_1_76' title='bbox 695 1504 829 1586; x_wconf 91' lang='grc' dir='ltr'><strong><em>Νίγρου</em></strong></span> <span class='ocrx_word' id='word_1_77' title='bbox 843 1492 1062 1583; x_wconf 81' lang='grc' dir='ltr'><strong><em>ὑπεδέχοντο,</em></strong></span> <span class='ocrx_word' id='word_1_78' title='bbox 1084 1507 1118 1565; x_wconf 88' lang='grc' dir='ltr'><strong><em>εί</em></strong></span> <span class='ocrx_word' id='word_1_79' title='bbox 1128 1498 1167 1565; x_wconf 90' lang='grc' dir='ltr'><strong><em>τέ</em></strong></span> <span class='ocrx_word' id='word_1_80' title='bbox 1181 1525 1270 1579; x_wconf 88' lang='grc' dir='ltr'><strong><em>τινες</em></strong></span> <span class='ocrx_word' id='word_1_81' title='bbox 1287 1519 1310 1561; x_wconf 81' lang='grc' dir='ltr'><strong><em>ιο</em></strong></span> 
     </span>
    </p>

    <p class='ocr_par' dir='ltr' id='par_1_4' title="bbox 315 1594 1271 1689">
     <span class='ocr_line' id='line_1_12' title="bbox 315 1594 1271 1689; baseline 0.001 -21"><span class='ocrx_word' id='word_1_82' title='bbox 315 1603 352 1668; x_wconf 88' lang='grc' dir='ltr'><strong><em>έκ</em></strong></span> <span class='ocrx_word' id='word_1_83' title='bbox 368 1606 436 1668; x_wconf 78' lang='grc' dir='ltr'><strong><em>τῶν</em></strong></span> <span class='ocrx_word' id='word_1_84' title='bbox 450 1600 629 1688; x_wconf 79' lang='grc' dir='ltr'><strong><em>φυγόντων</em></strong></span> <span class='ocrx_word' id='word_1_85' title='bbox 642 1602 852 1689; x_wconf 79' lang='grc' dir='ltr'><strong><em>κατέφευγον</em></strong></span> <span class='ocrx_word' id='word_1_86' title='bbox 867 1597 949 1689; x_wconf 88' lang='grc' dir='ltr'><strong><em>πρὸς</em></strong></span> <span class='ocrx_word' id='word_1_87' title='bbox 963 1594 1103 1686; x_wconf 82' lang='grc' dir='ltr'><strong><em>αὐτούς,</em></strong></span> <span class='ocrx_word' id='word_1_88' title='bbox 1121 1599 1271 1681; x_wconf 81' lang='grc' dir='ltr'><strong><em>καὶτοὺς</em></strong></span> 
     </span>
    </p>

    <p class='ocr_par' dir='ltr' id='par_1_5' title="bbox 268 1699 1270 1897">
     <span class='ocr_line' id='line_1_13' title="bbox 315 1699 1269 1793; baseline -0.001 -21"><span class='ocrx_word' id='word_1_89' title='bbox 315 1705 532 1792; x_wconf 78' lang='grc' dir='ltr'><strong><em>πεμφθέντας</em></strong></span> <span class='ocrx_word' id='word_1_90' title='bbox 561 1699 628 1772; x_wconf 81' lang='grc' dir='ltr'><strong><em>ὑπὸ</em></strong></span> <span class='ocrx_word' id='word_1_91' title='bbox 655 1708 717 1771; x_wconf 78' lang='grc' dir='ltr'><strong><em>τοῦ</em></strong></span> <span class='ocrx_word' id='word_1_92' title='bbox 743 1711 878 1791; x_wconf 90' lang='grc' dir='ltr'><strong><em>Νίγρου</em></strong></span> <span class='ocrx_word' id='word_1_93' title='bbox 905 1718 1069 1793; x_wconf 80' lang='grc' dir='ltr'><strong><em>φρουρεῖν</em></strong></span> <span class='ocrx_word' id='word_1_94' title='bbox 1087 1709 1269 1772; x_wconf 88' lang='grc' dir='ltr'><strong><em>Βιθυνίαν.</em></strong></span> 
     </span>
     <span class='ocr_line' id='line_1_14' title="bbox 268 1796 1270 1897; baseline 0.003 -25"><span class='ocrx_word' id='word_1_95' title='bbox 268 1820 302 1873; x_wconf 84' lang='grc'><strong><em>10</em></strong></span> <span class='ocrx_word' id='word_1_96' title='bbox 316 1808 525 1897; x_wconf 75' lang='grc' dir='ltr'><strong><em>ἑκατέρωθεν</em></strong></span> <span class='ocrx_word' id='word_1_97' title='bbox 541 1796 604 1874; x_wconf 78' lang='grc' dir='ltr'><strong><em>οὖν</em></strong></span> <span class='ocrx_word' id='word_1_98' title='bbox 618 1808 736 1874; x_wconf 75' lang='grc' dir='ltr'><strong><em>ἐκτῶν</em></strong></span> <span class='ocrx_word' id='word_1_99' title='bbox 749 1806 881 1875; x_wconf 88' lang='grc' dir='ltr'><strong><em>πόλεων</em></strong></span> <span class='ocrx_word' id='word_1_100' title='bbox 894 1802 938 1886; x_wconf 77' lang='grc' dir='ltr'><strong><em>ως</em></strong></span> <span class='ocrx_word' id='word_1_101' title='bbox 954 1801 1018 1873; x_wconf 85' lang='grc' dir='ltr'><strong><em>άπὸ</em></strong></span> <span class='ocrx_word' id='word_1_102' title='bbox 1034 1807 1270 1892; x_wconf 77' lang='grc' dir='ltr'><strong><em>στρατοπέδων</em></strong></span> 
     </span>
    </p>
   </div>
   <div class='ocr_carea' id='block_1_4' title="bbox 244 1904 1309 3852">
    <p class='ocr_par' dir='ltr' id='par_1_6' title="bbox 244 1904 1309 3852">
     <span class='ocr_line' id='line_1_15' title="bbox 315 1904 1271 1999; baseline 0.001 -22"><span class='ocrx_word' id='word_1_103' title='bbox 315 1904 503 1997; x_wconf 75' lang='grc' dir='ltr'><strong><em>ὁρμώμενοι</em></strong></span> <span class='ocrx_word' id='word_1_104' title='bbox 523 1910 711 1996; x_wconf 87' lang='grc' dir='ltr'><strong><em>συνέβαλον</em></strong></span> <span class='ocrx_word' id='word_1_105' title='bbox 725 1904 895 1996; x_wconf 82' lang='grc' dir='ltr'><strong><em>άλλήλοις,</em></strong></span> <span class='ocrx_word' id='word_1_106' title='bbox 914 1910 970 1976; x_wconf 78' lang='grc' dir='ltr'><strong><em>καὶ</em></strong></span> <span class='ocrx_word' id='word_1_107' title='bbox 984 1907 1088 1995; x_wconf 92' lang='grc' dir='ltr'><strong><em>μάχης</em></strong></span> <span class='ocrx_word' id='word_1_108' title='bbox 1107 1915 1271 1999; x_wconf 85' lang='grc' dir='ltr'><strong><em>καρτεράς</em></strong></span> 
     </span>
     <span class='ocr_line' id='line_1_16' title="bbox 244 2006 1309 2099; baseline -0.001 -20"><span class='ocrx_word' id='word_1_109' title='bbox 244 2094 247 2099; x_wconf 20' lang='lat'><strong>¹</strong></span> <span class='ocrx_word' id='word_1_110' title='bbox 316 2012 495 2099; x_wconf 76' lang='grc' dir='ltr'><strong><em>γενομένης</em></strong></span> <span class='ocrx_word' id='word_1_111' title='bbox 515 2006 602 2079; x_wconf 75' lang='grc' dir='ltr'><strong><em>πολὺ</em></strong></span> <span class='ocrx_word' id='word_1_112' title='bbox 622 2012 854 2099; x_wconf 83' lang='grc' dir='ltr'><strong><em>περιεγένοντο</em></strong></span> <span class='ocrx_word' id='word_1_113' title='bbox 876 2016 911 2079; x_wconf 90' lang='grc' dir='ltr'><strong><em>οί</em></strong></span> <span class='ocrx_word' id='word_1_114' title='bbox 928 2016 987 2078; x_wconf 82' lang='grc' dir='ltr'><strong><em>τοῦ</em></strong></span> <span class='ocrx_word' id='word_1_115' title='bbox 1001 2010 1166 2099; x_wconf 80' lang='grc' dir='ltr'><strong><em>Σεαήρου.</em></strong></span> <span class='ocrx_word' id='word_1_116' title='bbox 1197 2039 1267 2095; x_wconf 92' lang='grc' dir='ltr'><strong><em>φυ-</em></strong></span> <span class='ocrx_word' id='word_1_117' title='bbox 1285 2037 1309 2078; x_wconf 81' lang='grc' dir='ltr'><strong><em>ιε</em></strong></span> 
     </span>
     <span class='ocr_line' id='line_1_17' title="bbox 313 2109 1266 2204; baseline 0.001 -21"><span class='ocrx_word' id='word_1_118' title='bbox 313 2113 430 2202; x_wconf 88' lang='grc' dir='ltr'><strong><em>γόντες</em></strong></span> <span class='ocrx_word' id='word_1_119' title='bbox 445 2113 524 2182; x_wconf 74' lang='grc' dir='ltr'><strong><em>δέοί</em></strong></span> <span class='ocrx_word' id='word_1_120' title='bbox 534 2118 741 2204; x_wconf 78' lang='grc' dir='ltr'><strong><em>τοῦ·Νίγρου</em></strong></span> <span class='ocrx_word' id='word_1_121' title='bbox 753 2110 925 2202; x_wconf 77' lang='grc' dir='ltr'><strong><em>κάκεῖθεν,</em></strong></span> <span class='ocrx_word' id='word_1_122' title='bbox 944 2109 1016 2181; x_wconf 84' lang='grc' dir='ltr'><strong><em>ὅσοι</em></strong></span> <span class='ocrx_word' id='word_1_123' title='bbox 1025 2122 1266 2203; x_wconf 77' lang='grc' dir='ltr'><strong><em>περιελείφθη·</em></strong></span> 
     </span>
     <span class='ocr_line' id='line_1_18' title="bbox 314 2213 1269 2307; baseline 0.002 -22"><span class='ocrx_word' id='word_1_124' title='bbox 314 2237 394 2304; x_wconf 94' lang='grc' dir='ltr'><strong><em>σαν,</em></strong></span> <span class='ocrx_word' id='word_1_125' title='bbox 415 2218 469 2285; x_wconf 82' lang='grc' dir='ltr'><strong><em>ἐπί</em></strong></span> <span class='ocrx_word' id='word_1_126' title='bbox 488 2214 529 2285; x_wconf 84' lang='grc' dir='ltr'><strong><em>τά</em></strong></span> <span class='ocrx_word' id='word_1_127' title='bbox 548 2213 649 2285; x_wconf 81' lang='grc' dir='ltr'><strong><em>στενά</em></strong></span> <span class='ocrx_word' id='word_1_128' title='bbox 662 2222 723 2285; x_wconf 83' lang='grc' dir='ltr'><strong><em>τοῦ</em></strong></span> <span class='ocrx_word' id='word_1_129' title='bbox 740 2216 875 2307; x_wconf 83' lang='grc' dir='ltr'><strong><em>Ταύρου</em></strong></span> <span class='ocrx_word' id='word_1_130' title='bbox 889 2213 1083 2305; x_wconf 82' lang='grc' dir='ltr'><strong><em>ἠπείγοντο,</em></strong></span> <span class='ocrx_word' id='word_1_131' title='bbox 1110 2213 1269 2287; x_wconf 86' lang='grc' dir='ltr'><strong><em>άποκλεί-</em></strong></span> 
     </span>
     <span class='ocr_line' id='line_1_19' title="bbox 314 2316 1269 2412; baseline 0.003 -24"><span class='ocrx_word' id='word_1_132' title='bbox 314 2320 430 2399; x_wconf 89' lang='grc' dir='ltr'><strong><em>σαντές</em></strong></span> <span class='ocrx_word' id='word_1_133' title='bbox 442 2345 478 2387; x_wconf 91' lang='grc' dir='ltr'><strong><em>τε</em></strong></span> <span class='ocrx_word' id='word_1_134' title='bbox 488 2317 524 2388; x_wconf 87' lang='grc' dir='ltr'><strong><em>τό</em></strong></span> <span class='ocrx_word' id='word_1_135' title='bbox 540 2325 647 2410; x_wconf 85' lang='grc' dir='ltr'><strong><em>ἐρυμα</em></strong></span> <span class='ocrx_word' id='word_1_136' title='bbox 661 2318 858 2406; x_wconf 79' lang='grc' dir='ltr'><strong><em>ἐφύλαττον.</em></strong></span> <span class='ocrx_word' id='word_1_137' title='bbox 887 2316 904 2389; x_wconf 86' lang='grc' dir='ltr'><strong><em>δ</em></strong></span> <span class='ocrx_word' id='word_1_138' title='bbox 919 2320 956 2389; x_wconf 74' lang='grc' dir='ltr'><strong><em>δὲ</em></strong></span> <span class='ocrx_word' id='word_1_139' title='bbox 971 2327 1100 2409; x_wconf 87' lang='grc' dir='ltr'><strong><em>Νίγρος</em></strong></span> <span class='ocrx_word' id='word_1_140' title='bbox 1110 2319 1269 2412; x_wconf 83' lang='grc' dir='ltr'><strong><em>φρουράν</em></strong></span> 
     </span>
     <span class='ocr_line' id='line_1_20' title="bbox 313 2418 1268 2516; baseline 0.001 -25"><span class='ocrx_word' id='word_1_141' title='bbox 313 2420 504 2491; x_wconf 79' lang='grc' dir='ltr'><strong><em>καταλιπων</em></strong></span> <span class='ocrx_word' id='word_1_142' title='bbox 519 2428 580 2491; x_wconf 82' lang='grc' dir='ltr'><strong><em>τοῦ</em></strong></span> <span class='ocrx_word' id='word_1_143' title='bbox 594 2421 771 2513; x_wconf 82' lang='grc' dir='ltr'><strong><em>ἐρύματος,</em></strong></span> <span class='ocrx_word' id='word_1_144' title='bbox 795 2418 839 2504; x_wconf 76' lang='grc' dir='ltr'><strong><em>ως</em></strong></span> <span class='ocrx_word' id='word_1_145' title='bbox 854 2420 955 2516; x_wconf 71' lang='grc' dir='ltr'><strong><em>ᾤετο,</em></strong></span> <span class='ocrx_word' id='word_1_146' title='bbox 973 2420 1139 2512; x_wconf 78' lang='grc' dir='ltr'><strong><em>αὐτάρκη,</em></strong></span> <span class='ocrx_word' id='word_1_147' title='bbox 1158 2427 1191 2505; x_wconf 91' lang='grc' dir='ltr'><strong><em>ἐς</em></strong></span> <span class='ocrx_word' id='word_1_148' title='bbox 1205 2421 1268 2513; x_wconf 79' lang='grc' dir='ltr'><strong><em>τὴν</em></strong></span> 
     </span>
     <span class='ocr_line' id='line_1_21' title="bbox 309 2520 1307 2617; baseline 0.003 -24"><span class='ocrx_word' id='word_1_149' title='bbox 309 2521 511 2614; x_wconf 78' lang='grc' dir='ltr'><strong><em>Ἀντιόχειαν</em></strong></span> <span class='ocrx_word' id='word_1_150' title='bbox 534 2520 706 2615; x_wconf 78' lang='grc' dir='ltr'><strong><em>ἠπείγετο,</em></strong></span> <span class='ocrx_word' id='word_1_151' title='bbox 737 2523 879 2617; x_wconf 85' lang='grc' dir='ltr'><strong><em>στρατὸν</em></strong></span> <span class='ocrx_word' id='word_1_152' title='bbox 905 2522 1073 2615; x_wconf 79' lang='grc' dir='ltr'><strong><em>ἀθροίζων</em></strong></span> <span class='ocrx_word' id='word_1_153' title='bbox 1098 2527 1154 2595; x_wconf 78' lang='grc' dir='ltr'><strong><em>καὶ</em></strong></span> <span class='ocrx_word' id='word_1_154' title='bbox 1181 2527 1265 2617; x_wconf 79' lang='grc' dir='ltr'><strong><em>χρή·</em></strong></span> <span class='ocrx_word' id='word_1_155' title='bbox 1281 2554 1307 2596; x_wconf 82' lang='grc' dir='ltr'><strong><em>νο</em></strong></span> 
     </span>
     <span class='ocr_line' id='line_1_22' title="bbox 312 2656 407 2716; baseline 0 -19"><span class='ocrx_word' id='word_1_156' title='bbox 312 2656 407 2716; x_wconf 88' lang='grc' dir='ltr'><strong><em>ματα.</em></strong></span> 
     </span>
     <span class='ocr_line' id='line_1_23' title="bbox 272 2728 1266 2821; baseline 0.002 -22"><span class='ocrx_word' id='word_1_157' title='bbox 272 2738 290 2799; x_wconf 89' lang='grc'><strong>3</strong></span> <span class='ocrx_word' id='word_1_158' title='bbox 413 2728 431 2801; x_wconf 87' lang='grc' dir='ltr'><strong>ὁ</strong></span> <span class='ocrx_word' id='word_1_159' title='bbox 453 2732 491 2801; x_wconf 79' lang='grc' dir='ltr'><strong><em>δέ</em></strong></span> <span class='ocrx_word' id='word_1_160' title='bbox 511 2731 746 2821; x_wconf 75' lang='grc' dir='ltr'><strong><em>τοῦΣεεήρου</em></strong></span> <span class='ocrx_word' id='word_1_161' title='bbox 766 2728 904 2816; x_wconf 86' lang='grc' dir='ltr'><strong><em>στρατὸς</em></strong></span> <span class='ocrx_word' id='word_1_162' title='bbox 924 2732 1126 2819; x_wconf 78' lang='grc' dir='ltr'><strong><em>περαιωθείς</em></strong></span> <span class='ocrx_word' id='word_1_163' title='bbox 1147 2729 1205 2800; x_wconf 86' lang='grc' dir='ltr'><strong><em>διά</em></strong></span> <span class='ocrx_word' id='word_1_164' title='bbox 1229 2758 1266 2801; x_wconf 87' lang='grc' dir='ltr'><strong><em>τε</em></strong></span> 
     </span>
     <span class='ocr_line' id='line_1_24' title="bbox 253 2829 1264 2923; baseline 0.001 -21"><span class='ocrx_word' id='word_1_165' title='bbox 253 2829 255 2831; x_wconf 41' lang='grc'>’</span> <span class='ocrx_word' id='word_1_166' title='bbox 309 2842 475 2915; x_wconf 87' lang='grc' dir='ltr'><strong><em>Βιθυνίας</em></strong></span> <span class='ocrx_word' id='word_1_167' title='bbox 496 2836 553 2904; x_wconf 78' lang='grc' dir='ltr'><strong><em>καὶ</em></strong></span> <span class='ocrx_word' id='word_1_168' title='bbox 572 2842 751 2921; x_wconf 89' lang='grc' dir='ltr'><strong><em>Γαλατίας,</em></strong></span> <span class='ocrx_word' id='word_1_169' title='bbox 780 2831 934 2921; x_wconf 75' lang='grc' dir='ltr'><strong><em>ἐμβαλόν</em></strong></span> <span class='ocrx_word' id='word_1_170' title='bbox 955 2836 988 2913; x_wconf 89' lang='grc' dir='ltr'><strong><em>ἐς</em></strong></span> <span class='ocrx_word' id='word_1_171' title='bbox 1009 2839 1264 2923; x_wconf 86' lang='grc' dir='ltr'><strong><em>Καππαδοκίαν,</em></strong></span> 
     </span>
     <span class='ocr_line' id='line_1_25' title="bbox 310 2935 1265 3027; baseline 0.003 -23"><span class='ocrx_word' id='word_1_172' title='bbox 310 2936 616 3026; x_wconf 80' lang='grc' dir='ltr'><strong><em>προσκαθεζόμενος</em></strong></span> <span class='ocrx_word' id='word_1_173' title='bbox 634 2935 670 3006; x_wconf 85' lang='grc' dir='ltr'><strong><em>τό</em></strong></span> <span class='ocrx_word' id='word_1_174' title='bbox 694 2943 801 3026; x_wconf 82' lang='grc' dir='ltr'><strong><em>ἔρυμα</em></strong></span> <span class='ocrx_word' id='word_1_175' title='bbox 815 2936 1017 3025; x_wconf 79' lang='grc' dir='ltr'><strong><em>ἐπολιόρκει,</em></strong></span> <span class='ocrx_word' id='word_1_176' title='bbox 1039 2936 1214 3027; x_wconf 88' lang='grc' dir='ltr'><strong><em>πράγματά</em></strong></span> <span class='ocrx_word' id='word_1_177' title='bbox 1228 2963 1265 3007; x_wconf 87' lang='grc' dir='ltr'><strong><em>τε</em></strong></span> 
     </span>
     <span class='ocr_line' id='line_1_26' title="bbox 310 3033 1303 3130; baseline 0.001 -22"><span class='ocrx_word' id='word_1_178' title='bbox 310 3037 397 3126; x_wconf 75' lang='grc' dir='ltr'><strong><em>εἶχεν</em></strong></span> <span class='ocrx_word' id='word_1_179' title='bbox 416 3036 458 3119; x_wconf 81' lang='grc' dir='ltr'><strong><em>οὐ</em></strong></span> <span class='ocrx_word' id='word_1_180' title='bbox 479 3037 580 3128; x_wconf 82' lang='grc' dir='ltr'><strong><em>μικρά</em></strong></span> <span class='ocrx_word' id='word_1_181' title='bbox 604 3038 773 3127; x_wconf 82' lang='grc' dir='ltr'><strong><em>δυσβάτου</em></strong></span> <span class='ocrx_word' id='word_1_182' title='bbox 799 3036 854 3106; x_wconf 85' lang='grc' dir='ltr'><strong><em>διά</em></strong></span> <span class='ocrx_word' id='word_1_183' title='bbox 868 3033 1046 3125; x_wconf 86' lang='grc' dir='ltr'><strong><em>στενότητα</em></strong></span> <span class='ocrx_word' id='word_1_184' title='bbox 1066 3042 1122 3109; x_wconf 82' lang='grc' dir='ltr'><strong><em>καί</em></strong></span> <span class='ocrx_word' id='word_1_185' title='bbox 1138 3039 1262 3130; x_wconf 84' lang='grc' dir='ltr'><strong><em>τραχυ’-</em></strong></span> <span class='ocrx_word' id='word_1_186' title='bbox 1277 3067 1303 3108; x_wconf 81' lang='grc' dir='ltr'><strong><em>ω</em></strong></span> 
     </span>
     <span class='ocr_line' id='line_1_27' title="bbox 309 3136 1263 3230; baseline 0.004 -21"><span class='ocrx_word' id='word_1_187' title='bbox 309 3169 389 3230; x_wconf 88' lang='grc' dir='ltr'><strong><em>τητα</em></strong></span> <span class='ocrx_word' id='word_1_188' title='bbox 412 3138 514 3230; x_wconf 75' lang='grc' dir='ltr'><strong><em>οὔσης</em></strong></span> <span class='ocrx_word' id='word_1_189' title='bbox 526 3147 584 3228; x_wconf 79' lang='grc' dir='ltr'><strong><em>τῆς</em></strong></span> <span class='ocrx_word' id='word_1_190' title='bbox 597 3136 698 3228; x_wconf 80' lang='grc' dir='ltr'><strong><em>ὁδοῦ,</em></strong></span> <span class='ocrx_word' id='word_1_191' title='bbox 723 3139 916 3228; x_wconf 87' lang='grc' dir='ltr'><strong><em>βαλλόντων</em></strong></span> <span class='ocrx_word' id='word_1_192' title='bbox 935 3168 971 3209; x_wconf 89' lang='grc' dir='ltr'><strong><em>τε</em></strong></span> <span class='ocrx_word' id='word_1_193' title='bbox 985 3138 1108 3223; x_wconf 78' lang='grc' dir='ltr'><strong><em>αὐτοὺς</em></strong></span> <span class='ocrx_word' id='word_1_194' title='bbox 1125 3139 1263 3213; x_wconf 82' lang='grc' dir='ltr'><strong><em>άνωθεν</em></strong></span> 
     </span>
     <span class='ocr_line' id='line_1_28' title="bbox 308 3239 1263 3333; baseline 0.004 -21"><span class='ocrx_word' id='word_1_195' title='bbox 308 3251 418 3325; x_wconf 90' lang='grc' dir='ltr'><strong><em>λίθοις</em></strong></span> <span class='ocrx_word' id='word_1_196' title='bbox 437 3246 495 3317; x_wconf 78' lang='grc' dir='ltr'><strong><em>καὶ</em></strong></span> <span class='ocrx_word' id='word_1_197' title='bbox 515 3250 679 3332; x_wconf 89' lang='grc' dir='ltr'><strong><em>γενναίως</em></strong></span> <span class='ocrx_word' id='word_1_198' title='bbox 698 3239 959 3330; x_wconf 80' lang='grc' dir='ltr'><strong><em>ἀπομαχομένων</em></strong></span> <span class='ocrx_word' id='word_1_199' title='bbox 977 3251 1045 3313; x_wconf 84' lang='grc' dir='ltr'><strong><em>τῶν</em></strong></span> <span class='ocrx_word' id='word_1_200' title='bbox 1065 3245 1263 3333; x_wconf 77' lang='grc' dir='ltr'><strong><em>ἐφεστώτων</em></strong></span> 
     </span>
     <span class='ocr_line' id='line_1_29' title="bbox 306 3343 1261 3438; baseline 0.003 -23"><span class='ocrx_word' id='word_1_201' title='bbox 306 3361 377 3426; x_wconf 81' lang='grc' dir='ltr'><strong><em>ταῖς</em></strong></span> <span class='ocrx_word' id='word_1_202' title='bbox 392 3345 544 3428; x_wconf 83' lang='grc' dir='ltr'><strong><em>ἐπάλξεσι</em></strong></span> <span class='ocrx_word' id='word_1_203' title='bbox 556 3352 616 3415; x_wconf 87' lang='grc' dir='ltr'><strong><em>τοῦ</em></strong></span> <span class='ocrx_word' id='word_1_204' title='bbox 631 3353 769 3434; x_wconf 89' lang='grc' dir='ltr'><strong><em>τείχους.</em></strong></span> <span class='ocrx_word' id='word_1_205' title='bbox 799 3349 921 3438; x_wconf 79' lang='grc' dir='ltr'><strong><em>ῥηιδίως</em></strong></span> <span class='ocrx_word' id='word_1_206' title='bbox 937 3346 974 3417; x_wconf 77' lang='grc' dir='ltr'><strong><em>δέ</em></strong></span> <span class='ocrx_word' id='word_1_207' title='bbox 993 3343 1102 3436; x_wconf 86' lang='grc' dir='ltr'><strong><em>ὀλίγοι</em></strong></span> <span class='ocrx_word' id='word_1_208' title='bbox 1115 3346 1261 3429; x_wconf 76' lang='grc' dir='ltr'><strong><em>πολλοὺς</em></strong></span> 
     </span>
     <span class='ocr_line' id='line_1_30' title="bbox 275 3445 1261 3543; baseline 0.004 -27"><span class='ocrx_word' id='word_1_209' title='bbox 275 3447 474 3518; x_wconf 69' lang='grc' dir='ltr'><strong><em>κέκιόλυον·</em></strong></span> <span class='ocrx_word' id='word_1_210' title='bbox 496 3455 553 3537; x_wconf 82' lang='grc' dir='ltr'><strong><em>τῆς</em></strong></span> <span class='ocrx_word' id='word_1_211' title='bbox 575 3447 638 3539; x_wconf 82' lang='grc' dir='ltr'><strong><em>γάρ</em></strong></span> <span class='ocrx_word' id='word_1_212' title='bbox 662 3445 743 3519; x_wconf 85' lang='grc' dir='ltr'><strong><em>ὁδοῦ</em></strong></span> <span class='ocrx_word' id='word_1_213' title='bbox 764 3456 880 3537; x_wconf 79' lang='grc' dir='ltr'><strong><em>στενῆς</em></strong></span> <span class='ocrx_word' id='word_1_214' title='bbox 900 3445 1003 3538; x_wconf 83' lang='grc' dir='ltr'><strong><em>οόσης</em></strong></span> <span class='ocrx_word' id='word_1_215' title='bbox 1017 3448 1054 3520; x_wconf 87' lang='grc' dir='ltr'><strong><em>τὸ</em></strong></span> <span class='ocrx_word' id='word_1_216' title='bbox 1069 3453 1130 3539; x_wconf 77' lang='grc' dir='ltr'><strong><em>μέν</em></strong></span> <span class='ocrx_word' id='word_1_217' title='bbox 1144 3453 1261 3543; x_wconf 75' lang='grc' dir='ltr'><strong><em>ἕτερον</em></strong></span> 
     </span>
     <span class='ocr_line' id='line_1_31' title="bbox 306 3548 1299 3644; baseline 0.005 -23"><span class='ocrx_word' id='word_1_218' title='bbox 306 3551 404 3640; x_wconf 88' lang='grc' dir='ltr'><strong><em>μέρος</em></strong></span> <span class='ocrx_word' id='word_1_219' title='bbox 423 3548 565 3633; x_wconf 78' lang='grc' dir='ltr'><strong><em>ὕψιστον</em></strong></span> <span class='ocrx_word' id='word_1_220' title='bbox 585 3548 664 3643; x_wconf 82' lang='grc' dir='ltr'><strong><em>ὅρος</em></strong></span> <span class='ocrx_word' id='word_1_221' title='bbox 683 3552 814 3639; x_wconf 87' lang='grc' dir='ltr'><strong><em>σκέπει,</em></strong></span> <span class='ocrx_word' id='word_1_222' title='bbox 836 3554 891 3621; x_wconf 79' lang='grc' dir='ltr'><strong><em>ἐπὶ</em></strong></span> <span class='ocrx_word' id='word_1_223' title='bbox 909 3552 1037 3641; x_wconf 89' lang='grc' dir='ltr'><strong><em>θάτερα</em></strong></span> <span class='ocrx_word' id='word_1_224' title='bbox 1056 3554 1094 3623; x_wconf 79' lang='grc' dir='ltr'><strong><em>δέ</em></strong></span> <span class='ocrx_word' id='word_1_225' title='bbox 1111 3552 1258 3644; x_wconf 86' lang='grc' dir='ltr'><strong><em>κρημνὸς</em></strong></span> <span class='ocrx_word' id='word_1_226' title='bbox 1274 3582 1299 3626; x_wconf 76' lang='grc' dir='ltr'><strong><em>το</em></strong></span> 
     </span>
     <span class='ocr_line' id='line_1_32' title="bbox 305 3652 1258 3747; baseline 0.003 -23"><span class='ocrx_word' id='word_1_227' title='bbox 305 3653 416 3744; x_wconf 83' lang='grc' dir='ltr'><strong><em>βαθδς</em></strong></span> <span class='ocrx_word' id='word_1_228' title='bbox 429 3657 547 3736; x_wconf 82' lang='grc' dir='ltr'><strong><em>τοῖςέκ</em></strong></span> <span class='ocrx_word' id='word_1_229' title='bbox 560 3662 629 3725; x_wconf 82' lang='grc' dir='ltr'><strong><em>των</em></strong></span> <span class='ocrx_word' id='word_1_230' title='bbox 648 3652 738 3747; x_wconf 80' lang='grc' dir='ltr'><strong><em>όρῶν</em></strong></span> <span class='ocrx_word' id='word_1_231' title='bbox 752 3657 954 3747; x_wconf 87' lang='grc' dir='ltr'><strong><em>σνρρέουσιν</em></strong></span> <span class='ocrx_word' id='word_1_232' title='bbox 968 3653 1067 3726; x_wconf 76' lang='grc' dir='ltr'><strong><em>ὕδασι</em></strong></span> <span class='ocrx_word' id='word_1_233' title='bbox 1087 3658 1190 3747; x_wconf 90' lang='grc' dir='ltr'><strong><em>πόρος</em></strong></span> <span class='ocrx_word' id='word_1_234' title='bbox 1204 3664 1258 3746; x_wconf 90' lang='grc' dir='ltr'><strong><em>γί-</em></strong></span> 
     </span>
     <span class='ocr_line' id='line_1_33' title="bbox 303 3754 1257 3852; baseline 0.005 -26"><span class='ocrx_word' id='word_1_235' title='bbox 303 3780 407 3829; x_wconf 89' lang='grc' dir='ltr'><strong><em>νεται·</em></strong></span> <span class='ocrx_word' id='word_1_236' title='bbox 422 3754 504 3851; x_wconf 81' lang='grc' dir='ltr'><strong><em>ὅπερ</em></strong></span> <span class='ocrx_word' id='word_1_237' title='bbox 518 3760 574 3829; x_wconf 81' lang='grc' dir='ltr'><strong><em>καί</em></strong></span> <span class='ocrx_word' id='word_1_238' title='bbox 587 3756 669 3831; x_wconf 77' lang='grc' dir='ltr'><strong><em>αὐτὸ</em></strong></span> <span class='ocrx_word' id='word_1_239' title='bbox 683 3765 751 3829; x_wconf 83' lang='grc' dir='ltr'><strong><em>πᾶν</em></strong></span> <span class='ocrx_word' id='word_1_240' title='bbox 765 3761 1020 3852; x_wconf 89' lang='grc' dir='ltr'><strong><em>παρεπέφρακτο</em></strong></span> <span class='ocrx_word' id='word_1_241' title='bbox 1035 3754 1102 3830; x_wconf 80' lang='grc' dir='ltr'><strong><em>ὑπὸ</em></strong></span> <span class='ocrx_word' id='word_1_242' title='bbox 1115 3767 1177 3830; x_wconf 82' lang='grc' dir='ltr'><strong><em>τοῦ</em></strong></span> <span class='ocrx_word' id='word_1_243' title='bbox 1188 3768 1257 3831; x_wconf 91' lang='grc' dir='ltr'><strong><em>Νί-</em></strong></span> 
     </span>
    </p>
   </div>
   <div class='ocr_carea' id='block_1_5' title="bbox 0 0 1572 4367">
    <p class='ocr_par' dir='ltr' id='par_1_7' title="bbox 0 0 1572 4367">
     <span class='ocr_line' id='line_1_34' title="bbox 0 0 1572 4367; baseline 0 3"><span class='ocrx_word' id='word_1_244' title='bbox 0 0 1572 4367; x_wconf 95' lang='lat' dir='ltr'><strong><em> </em></strong></span> 
     </span>
    </p>
   </div>
  </div>
 </body>
</html>
