3134 4367
359 414 397 476 16
746 416 919 478 ΠΡΩΤΟΝ

357 596 494 678 έδρασε,
508 590 650 675 παρέσχε
662 615 698 657 τε
712 583 802 682 αὑτῷ
815 589 878 677 μὲν
895 594 1148 679 προχυωσθέντι
1169 586 1306 678 άλῶναι,
1346 599 1352 606 ’

357 696 475 789 έκείνρ)
488 692 526 761 δὲ
538 690 747 780 προμαθόντι
760 692 984 780 φυλάξασθαι.

325 804 342 859 7
458 793 542 885 αὕτη
552 794 614 883 μὲν
627 792 668 883 δὴ
682 794 796 885 πράτη
809 798 865 865 καί
879 804 1014 885 μεγίστη
1028 803 1118 866 αἰτία
1129 801 1176 891 τῷ
1190 825 1305 886 μειρα-

356 909 418 995 κίω
446 906 562 989 μίσους
592 901 723 987 ἐγένετο
749 896 832 988 πρὸς
863 897 924 988 την
956 899 1143 989 σύγκλητον
1168 901 1307 992 βουλήν,

357 1006 482 1096 ἔτρωσέ
497 1031 533 1072 τε
547 998 652 1071 αὐτοῦ
665 999 727 1092 τὴν
739 1000 851 1092 ψυχὴν
863 1001 904 1072 τά
917 1008 1091 1092 λεχθέντα,
1104 1006 1161 1073 καὶ
1174 1002 1308 1084 κοινοὺς
1325 1037 1336 1077 5

357 1104 499 1197 έχθρούς
512 1105 636 1185 πάντας
648 1101 777 1194 ἡγεῖτο,
791 1109 997 1197 μεμνημένος
1011 1103 1064 1177 ἀεὶ
1083 1112 1141 1195 τῆς
1159 1113 1219 1177 τοῦ
1234 1111 1306 1178 ε’πι-

324 1229 343 1283 8
357 1209 540 1304 δραμόυτος
553 1214 677 1297 φωνῆς.
728 1205 854 1299 ὑπῆρξε
867 1211 906 1280 δὲ
918 1213 974 1280 καὶ
984 1217 1031 1305 τῷ
1037 1217 1211 1304 Περεννίρι
1224 1212 1306 1300 πρό-

356 1321 456 1405 φασίς
468 1342 504 1383 τε
518 1314 574 1381 καὶ
593 1306 755 1393 ὑπόθεσις
775 1312 958 1404 αὐτάρκης·
978 1313 1152 1393 ἐκκόπτειν
1170 1312 1234 1402 γάρ
1255 1313 1307 1383 ἀεὶ

355 1422 412 1489 καί
431 1415 585 1487 κολούειν
600 1413 697 1510 Ιαὐτῷ
721 1417 946 1506 συνεβούλευε
972 1416 1049 1499 τοδς
1074 1414 1305 1509 ὑπερέχοντας,

356 1512 405 1593 οἷν
418 1517 573 1611 ἁρπάζων
585 1516 642 1598 τάς
655 1517 770 1601 οὐσίας
783 1525 888 1613 ῥᾷστα
908 1520 1153 1602 πλουσιωτατος
1175 1523 1305 1608 ἐγένετο
1325 1549 1349 1588 ιο

355 1632 424 1696 τῶν
436 1620 515 1694 καθ’
532 1617 635 1692 αὖτδν
648 1620 853 1714 ἀνθρώπων.
887 1628 1067 1715 γενομένης
1080 1622 1113 1694 δ’
1131 1624 1307 1708 ἐξετάσεως

356 1728 413 1800 διὰ
434 1733 494 1798 τοῦ
508 1733 696 1815 Περεννίου
716 1725 964 1820 ἀκριβεστέρας,
984 1729 1046 1819 τήν
1064 1756 1100 1798 τε
1118 1725 1269 1817 ἀδελφὴν
1290 1725 1307 1797 ὁ

354 1833 530 1921 Κόμμοδος
551 1830 745 1919 διεχρήσατο
767 1834 824 1901 καί
847 1833 973 1913 πάντας
997 1831 1145 1921 ἀφειδῶς
1170 1831 1247 1912 τοός
1271 1858 1307 1901 τε

355 1935 453 2015 ὄντας
466 1936 504 2003 έν
516 1939 557 2022 τῇ
570 1940 762 2027 συνωμοσίᾳ
774 1937 830 2003 καί
844 1932 921 2015 τοὺς
935 1932 990 2023 ἐφ’
1007 1934 1218 2024 οίαισδηποτε
1233 1941 1306 2003 δια-

356 2038 542 2128 βληθέντας
555 2030 723 2119 ὑποψίαις.
1325 2071 1348 2110 15

326 2139 346 2198 9
457 2136 476 2210 ὁ
503 2140 540 2209 δέ
563 2140 744 2228 Περέννιος
769 2136 1081 2228 ἀποσκευασάμενος
1102 2139 1227 2221 πάντας
1250 2136 1308 2220 οὓς

355 2247 411 2314 καλ
419 2239 437 2313 ὃ
445 2240 621 2332 Κόμμοδος
628 2238 740 2331 ᾐδεῖτο
747 2244 804 2311 καὶ
817 2239 888 2312 ὅσοι
897 2243 1056 2336 πατρῴαν
1069 2239 1159 2335 αὐτῷ
1171 2240 1307 2312 εὔνοιαν

356 2350 592 2418 ἐπεδείκνυντο
611 2351 669 2435 τῆς
692 2372 728 2415 τε
750 2348 882 2415 ἐκείνου
907 2353 1071 2436 σωτηρίας
1096 2347 1308 2435 προμήθειαν

356 2450 456 2540 εἶχον,
465 2448 684 2539 ποιησάμενός
698 2476 735 2518 τε
747 2445 851 2518 αὑτὸν
865 2446 916 2518 ἐπ’
933 2452 1097 2535 ἐξουσίαν,
1106 2449 1306 2537 ἐπεβούλευε

354 2560 396 2645 τῇ
409 2552 510 2643 ἀρχῇ,
528 2555 585 2622 καὶ
603 2568 671 2633 τοῖς
690 2580 726 2622 τε
745 2558 830 2634 υίοίς
845 2551 966 2622 ἑαυτοῦ
978 2559 1126 2633 νεανίαις
1140 2544 1238 2621 οὖσιν
1251 2556 1305 2640 έη-
1325 2577 1351 2616 νο

356 2666 497 2748 χειρίσαι
511 2665 624 2727 πείθει
643 2653 702 2728 τόν
715 2656 896 2747 Κόμμοδον
910 2654 971 2746 τὴν
985 2655 1146 2747 πρόνοιαν
1163 2661 1231 2725 τάν
1247 2653 1306 2726 Ἰλ-

356 2767 505 2851 λυρικιδν
530 2760 802 2850 στρατευμάτων,
830 2758 928 2841 αὐτός
947 2788 983 2830 τε
1003 2770 1140 2830 πλεῖστα
1161 2760 1308 2848 χρήματα

355 2863 512 2953 ἥθροιζεν
522 2866 555 2943 ές
562 2862 600 2932 τό
610 2864 777 2934 έπιδόσεσι
786 2875 951 2953 λαμπραῖς
964 2860 1145 2953 ἀποστῆσαι
1158 2862 1195 2932 τό
1208 2884 1307 2952 στρα-

355 2965 520 3036 τιωτικόν.
548 2969 583 3034 οί
594 2966 631 3035 δὲ
650 2972 767 3045 παῖδες
784 2964 889 3036 αὐτοῦ
907 2965 1133 3046 λανθάνοντες
1146 2966 1307 3055 συνεκρό-

357 3098 439 3140 τουυ
452 3068 609 3157 δύναμιν,
624 3064 668 3149 ὡς
681 3064 724 3138 ἀν
741 3075 802 3137 τοῦ
815 3077 1003 3158 Περεννίου
1016 3073 1306 3159 κατεργασαμένου
1324 3100 1349 3139 νε

324 3172 417 3248 κτὸν
440 3172 621 3260 Κόμμοδον
645 3173 816 3242 έπιθεῖντο
842 3177 882 3261 τῇ
909 3169 1011 3262 ἀρχῇ,
1051 3173 1206 3262 έχνάσθη
1233 3169 1309 3260 δὴ

356 3272 517 3365 ἐπιβουλὴ
528 3275 704 3369 παραδόξῳ
718 3275 840 3368 τρόπῳ.
858 3274 950 3364 ίερδν
963 3273 1077 3364 άχάνα
1090 3282 1221 3347 τελοῦσι
1231 3271 1307 3343 Ῥω-

356 3382 737 3472 μαῑοιΛιὶΚαπετωλίῳ,
744 3378 897 3467 θεάματά
909 3407 944 3449 τε
952 3379 1114 3469 <σοφίας>
1128 3379 1184 3447 καὶ
1198 3378 1310 3465 ίσχόος

356 3484 464 3554 πάντα
477 3480 666 3571 ἀθροίζεται
680 3479 725 3563 ιδς
737 3486 770 3563 ές
783 3488 940 3572 βασιλίδα
953 3483 1053 3554 πόλιν
1065 3489 1307 3571 πανηγυρίζου-

356 3609 430 3658 σαν.
447 3580 570 3676 θεατὴς
584 3587 622 3656 δὲ
636 3588 692 3657 καὶ
705 3583 892 3675 ἀθλοθέτης
901 3584 966 3656 σύν
977 3601 1045 3665 τοῖς
1058 3594 1184 3665 λοιποῖς
1199 3590 1307 3673 ίερεά-
1326 3613 1353 3653 εο

306 3686 493 3787 ιΜοιποδς
506 3692 542 3759 ἐκ
557 3690 725 3781 περιόδων
731 3689 855 3780 χρόνου
867 3685 889 3780 ἡ
902 3690 990 3773 τάξις
1003 3697 1107 3773 καλεῖ,
1121 3683 1139 3756 ὁ
1153 3687 1310 3776 βασιλεὺς

310 3804 334 3850 3
340 3802 488 3871 mem.
503 3794 731 3875 κατελθόντος
740 3792 782 3885 δὴ
795 3799 855 3864 τοῦ
863 3794 1042 3884 Κομμόδου
1052 3792 1107 3861 έπλ
1119 3788 1180 3881 την
1189 3788 1310 3881 ἀκρόα-
