3134 4367
338 386 397 447 120
707 390 925 450 ΤΕΤΑΡΤΟΝ

335 558 470 631 ἀνωθεν
483 560 539 630 καί
553 557 658 630 πολλά
671 556 732 629 ὑπ’
751 557 858 630 αὐτοῦ
880 557 1159 652 εόεργετηθέντι),
1175 567 1287 631 πείθει

334 692 370 734 τε
389 662 507 755 καιρὸν
533 664 720 752 έπιτήδειον
746 663 1030 753 παραφυλάξαντα
1050 668 1287 755 ἐπιβουλεῦσαι

334 774 379 860 τῷ
395 763 590 861 Ἀντωνίνω
606 762 625 836 δ
639 767 677 836 δὲ
690 781 760 848 ταῖς
773 794 809 836 τε
823 765 1020 856 ὑποσχέσεσι
1032 774 1092 839 τοῦ
1106 774 1287 857 Μακρίνου

265 899 267 902 ’
334 868 565 958 ἀναπεισθείς,
585 878 692 960 μισῶν
711 897 747 939 τε
766 867 873 952 άλλως
892 873 949 941 καὶ
970 876 1155 961 τιμωρῆσαι
1175 873 1288 942 θέλων

332 980 378 1067 τῷ
392 970 539 1065 ἀδελφῷ,
553 973 660 1043 πάντα
669 971 822 1061 ποιήσειν
835 971 984 1063 ἀσμένως
993 970 1202 1063 ὑπισχνεῖται
1213 1003 1313 1045 και-ι

334 1074 396 1166 ρόν
410 1077 596 1165 ἐπιτήδειον
611 1072 731 1163 εὑρών.

302 1185 319 1239 3
434 1182 559 1268 συνέβη
581 1176 712 1266 δὲμεί
736 1175 777 1248 οὐ
801 1176 967 1267 πολὺτῆς
993 1180 1141 1261 σκέψεως
1166 1177 1288 1267 ταύτης

331 1290 472 1373 θελήσαι
487 1281 545 1352 τὸν
561 1279 771 1369 Ἀντωνίνον,
788 1287 1002 1371 διατρίβοντα
1016 1285 1053 1351 ἐν
1066 1280 1217 1371 Κάρραις
1231 1289 1287 1370 τῆς

330 1392 604 1475 Μεσοποταμίας,
621 1395 802 1473 προελθεῖν
815 1392 872 1473 τής
892 1390 1060 1474 βασιλείας
1073 1381 1238 1455 ἀπελθεῖν
1253 1412 1287 1454 τε
1316 1443 1318 1447 .

331 1490 364 1568 ές
378 1488 437 1558 τὸν
450 1488 538 1558 νεών
550 1496 608 1578 τῆς
621 1489 770 1578 σελήνης,
786 1484 829 1578 ἣν
841 1488 981 1576 μάλιστα
994 1492 1029 1558 οί
1040 1488 1213 1580 έπιχεόριοι
1227 1490 1284 1558 σέ·
1304 1511 1323 1552 ιο

330 1598 460 1678 βονσιν.
488 1583 681 1681 ἀφειστήκει
695 1592 733 1662 δὲ
754 1599 811 1680 τῆς
831 1592 958 1673 πόλεως
979 1588 997 1661 ὁ
1015 1590 1101 1672 νεώς
1118 1591 1224 1679 πολύ,
1243 1587 1287 1672 ὡς

329 1690 521 1786 ὁδοιπορίας
534 1694 673 1787 χρῄζειν.
697 1693 763 1765 σόν
777 1700 934 1766 ίππεῠσιν
948 1685 1011 1764 οὖν
1023 1691 1158 1783 ὀλίγοις,
1174 1700 1230 1765 ’ίνα
1244 1692 1286 1783 δή

227 1831 231 1846 ·
329 1795 373 1885 μή
388 1799 495 1868 πάντα
515 1799 574 1868 τὸν
594 1798 735 1884 στρατόν
749 1799 871 1888 σκήλῃ,
892 1797 955 1886 τήν
975 1794 1172 1887 ὁδοιπορίαν
1194 1802 1286 1869 ἐποι-

300 1905 415 1987 mco,
431 1898 475 1981 ὦς
489 1900 531 1989 δή
551 1902 660 1981 θύσας
679 1909 718 1992 τῇ
731 1907 810 1993 ,θεῷ
831 1904 1020 1972 ἐπανέλθοι.
1059 1898 1143 1970 κατά
1162 1902 1202 1971 δέ
1223 1899 1285 1989 τήν

326 2004 431 2089 μέσην
443 2000 525 2073 ὁδόν
538 2006 704 2092 ἐπειχθεὶς
718 2000 785 2073 ὑπὸ
800 2011 857 2091 τής
871 2003 1027 2093 γαστρός,
1045 2001 1232 2092 ἀποστῆναί
1249 2031 1284 2074 τε
1300 2036 1320 2077 ιι

324 2104 450 2187 πάντας
474 2106 648 2192 κελεύσας,
678 2104 837 2196 ἀνεχώρει
863 2105 929 2176 σόν
949 2109 1000 2176 ἑνὶ
1023 2103 1172 2198 ὑπηρέτῃ
1201 2105 1285 2178 ἀπο-

326 2207 569 2298 σκευασάμενος
578 2208 618 2278 τδι
628 2213 837 2298 ἐνοχλοῦντα.
852 2209 973 2291 πάντες
986 2218 1103 2281 τοίνυν
1117 2207 1285 2300 ἀπεστρά-

326 2332 439 2399 φησαν
452 2315 508 2383 καὶ
528 2309 572 2393 ὦς
591 2306 792 2403 πορρωτάτω
814 2309 979 2404 ἀπῄεσαν,
1001 2312 1101 2404 τιμήν
1121 2317 1178 2383 καλ
1199 2320 1284 2385 αἰδοῖ

294 2420 371 2508 ὅτῷ
385 2419 550 2509 γινομένῃ)
564 2419 727 2505 νέμοντες.
780 2412 799 2486 δ
822 2417 859 2486 δὲ
880 2416 1089 2506 Μαρτιάλιος
1107 2415 1186 2499 τοὺς
1206 2446 1283 2489 και-

324 2517 405 2608 ρούς
417 2520 542 2601 πάντας
556 2519 843 2609 παραφυλάττων,
864 2518 948 2590 ίδοίν
962 2547 997 2589 τε
1011 2517 1115 2590 αὐτόν
1126 2548 1282 2610 μεμονω-
1296 2546 1320 2587 ω

258 2625 261 2632 '
322 2623 440 2710 μένον,
456 2619 500 2705 ὦς
520 2622 561 2713 δή
582 2626 719 2712 κληθεὶς
733 2619 792 2693 ὑπ’
817 2621 921 2693 αὐτοῦ
942 2622 1081 2711 νεόματι
1103 2627 1191 2713 ἐρῶν
1210 2619 1283 2713 τιή

323 2721 563 2815 ἀκουσόμενος,
580 2731 789 2816 προστρέχει,
804 2727 936 2808 έπιστάς
950 2754 985 2797 τε
1000 2723 1090 2819 αὐτῷ
1105 2725 1162 2807 τάς
1176 2731 1282 2816 ἐσθή-

322 2856 379 2908 τας
395 2836 463 2898 των
476 2837 592 2918 μηρῶν
605 2833 822 2914 καθέλκοντι,
838 2827 1111 2918 ἀπεστραμμένον
1124 2836 1216 2900 παίει
1230 2834 1282 2913 ξι-

322 2935 444 3023 φιδίῳ,
468 2927 587 3020 δμετά
605 2947 716 3021 χεῖρας
740 2940 841 3019 ἔφερε
861 2932 1050 3002 λανθάνων.
1085 2940 1218 3023 καιρίου
1242 2933 1281 3005 δέ

320 3039 378 3120 τής
392 3041 519 3122 πληγῆς
533 3036 587 3103 έπλ
603 3041 661 3121 τῆς
676 3040 890 3114 κατακλεῖδος
905 3038 1086 3125 γενομένης
1106 3032 1277 3126 ἀπροσδο-
1294 3061 1317 3107 ω

292 3148 309 3202 6
322 3134 429 3223 κήτως
442 3164 477 3205 τε
492 3139 548 3206 καὶ
562 3134 761 3224 ἀφυλάκτως
774 3132 792 3206 ὁ
811 3134 1007 3219 Ἀντωνῖνος
1021 3136 1182 3230 ἀνῃρέθη.
1217 3167 1280 3210 πε-

268 3238 462 3336 &52⁶6va
470 3236 620 3308 δὲαάτοῦ
627 3240 777 3328 πηδήσας
788 3245 878 3333 ἵππῳ
889 3248 1017 3331 ἔφυγεν
1030 3239 1277 3331 όΜαρτιάλιος.

320 3343 484 3429 Γερμανοὶ
504 3342 542 3412 δὲ
563 3348 689 3430 ἱππεῖς,
709 3338 758 3423 οἷς
778 3340 796 3411 ὁ
819 3341 1015 3426 Ἀντωνῖνος
1035 3353 1144 3434 ἔχαιρε
1165 3374 1279 3434 φρου-

318 3460 389 3529 ροῖς
402 3471 438 3513 τε
451 3452 511 3513 τοῦ
525 3446 673 3534 σώματος
688 3450 821 3536 ἐχρῆτο,
843 3444 885 3517 οὐ
902 3455 1064 3518 τοσοῦτον
1088 3446 1278 3537 ἀφεστῶτες

318 3543 399 3617 ὅσον
411 3553 447 3617 οί
459 3556 586 3635 λοιποί,
601 3556 730 3639 πρῶτοί
740 3578 776 3620 τε
791 3551 918 3632 ἰδόντες
931 3550 967 3621 τό
982 3550 1174 3640 γενόμενον,
1190 3552 1274 3622 διιό-
1291 3580 1316 3622 τι

285 3654 430 3733 Ἰξαντες
450 3649 509 3721 τόν
527 3649 739 3742 Μαρτιάλιον
756 3654 1004 3744 κατηκόντισαν.
1058 3651 1102 3737 ὡς
1119 3656 1157 3724 δέ
1176 3657 1234 3725 καὶ
1255 3652 1274 3726 δ

312 3753 430 3836 λοιπὸς
443 3754 581 3846 στρατὸς
598 3755 666 3827 εἶδε
681 3756 718 3827 τὸ
733 3759 899 3848 πραχθέν,
910 3757 1034 3838 πάντες
1048 3760 1273 3849 συνέδραμον,
