3134 4367
317 410 375 472 184
685 411 903 472 ΕΒΔΟΜΟΝ

308 581 373 653 διὰ
386 583 489 670 με’σου
503 588 563 651 τού
581 580 750 671 πλήθους,
771 581 964 662 δεικνύντες
977 596 1045 663 τοῖς
1058 580 1169 670 όχλοις
1182 588 1265 670 Γορ-

308 692 435 756 Ιδιανοῦ
449 692 642 773 τειὲγγονον
655 686 806 772 λέγοντες
821 688 878 754 καί
890 692 931 776 τῇ
945 681 1049 754 αύτοῦ
1063 693 1265 777 προσηγορίᾳ

316 786 578 875 ἀποκαλοῦντες,
598 785 781 876 ἀνάγουσιν
802 790 835 867 ἐς
859 787 898 857 τό
923 789 1141 858 Καπετώλιον
1162 786 1266 877 εὐφη-

285 909 302 962 9
318 892 485 980 μούμενον
498 887 563 960 ὑπὸ
578 897 639 961 τοῦ
659 876 767 978 δήμου
780 892 837 960 καὶ
856 891 1184 980 φυλλοβολούμενον.
1213 899 1267 979 τῆς

315 1023 351 1063 τε
364 994 552 1082 συγκλήτου
567 1001 720 1084 Καίσαρα
736 991 819 1063 αὐτό
834 990 1065 1082 όιποδειξύσης,
1082 992 1199 1083 ἐπειδή
1214 993 1290 1063 διότι

314 1097 376 1187 τήν
389 1094 521 1185 ήλικίαν
535 1094 595 1185 σύγ
609 1092 678 1178 οἶός
690 1124 726 1166 τε
739 1087 783 1185 ήν
796 1103 1019 1185 προίστασθαι
1033 1103 1101 1166 τῶν
1114 1097 1268 1187 πραγμό·

315 1229 399 1288 των,
420 1206 478 1287 τῆς
497 1227 533 1268 τε
553 1196 692 1288 ὀργήςό
715 1205 817 1288 δῆμος
837 1199 1018 1288 ἐπαύσατο,
1035 1197 1217 1288 ήυέσχοντό
1236 1227 1269 1269 τε

315 1313 495 1393 προελθεῖν
509 1306 542 1382 ἐς
554 1301 616 1390 τήν
633 1309 803 1391 βασίλειον
815 1298 932 1390 αὐλήν.

269 1414 303 1473 11
419 1408 543 1494 συνέβη
564 1406 600 1474 δὲ
620 1405 703 1475 κατὰ
722 1404 800 1486 τούς
821 1402 945 1485 αὐτούς
963 1403 1105 1491 χρόνους
1125 1419 1269 1494 πταῖσμα

316 1504 475 1598 ὀλέθριον
494 1516 535 1599 τῇ
554 1505 722 1597 Ῥωμαίων
751 1508 861 1596 πόλει,
887 1504 991 1597 ἀρχήν
1016 1508 1073 1576 καὶ
1096 1508 1267 1597 πρόφασιν
1285 1533 1304 1572 ¹⁰

315 1607 421 1699 λαβὸν
445 1613 477 1693 ἐξ
500 1608 664 1700 εὐτόλμου
684 1612 842 1699 θράσους
864 1612 925 1679 δύο
949 1606 1084 1696 ἀνδρῶν
1110 1618 1181 1679 τῶν
1206 1608 1268 1681 ιἰπό

317 1713 515 1803 συγκλήτου.
548 1715 824 1804 συνεληλύθεσαν
837 1712 901 1803 γὰρ
917 1716 949 1793 ἐς
968 1711 1005 1781 τό
1026 1712 1269 1802 βουλευτήριον

283 1834 301 1885 2
316 1817 435 1898 πάντες
449 1817 649 1906 σκεψόμενοι
662 1821 739 1907 περὶ
754 1824 823 1888 τῶν
837 1815 1076 1886 καθεστώτων·
1102 1817 1269 1904 μαθόντες

316 1916 351 1988 δ’
372 1925 407 1988 οί
424 1928 620 2007 στρατιῶται
646 1916 706 2001 οὓς
725 1924 761 1989 ἐν
783 1926 829 2010 τῷ
850 1920 1060 2010 στρατοπέδῳ
1082 1924 1270 2010 Μαξιμῖνος

315 2028 544 2090 καταλελοίπει
566 2019 644 2111 (ήδη
667 2020 731 2111 γὰρ
758 2019 842 2111 πρὸς
869 2019 992 2110 όιφεσιν
1015 2027 1072 2108 τής
1098 2030 1300 2113 στρατείαςο

315 2120 410 2203 ὄντες
423 2125 480 2192 καί
495 2121 541 2192 δι’
557 2121 691 2212 ήλικίαν
705 2134 790 2193 οίκοι
805 2124 1038 2212 μεμενηκότες)
1052 2116 1164 2213 ήλθον
1176 2129 1269 2214 μέχρι

316 2232 373 2314 τής
391 2225 523 2295 είσόδου
538 2233 597 2316 τῆς
616 2227 822 2315 συγκλήτου,
847 2227 1046 2315 βουλόμενοι
1069 2225 1105 2297 τό
1127 2228 1269 2319 πραττό-

316 2356 420 2417 μενον
433 2340 567 2419 μαθεῖν,
576 2326 689 2400 ὅπλων
703 2331 764 2417 μὲν
777 2337 910 2418 γυμνοί,
930 2334 966 2399 ἐν
981 2339 1086 2411 λιταῖς
1100 2331 1139 2400 δὲ
1154 2335 1269 2421 ἐσθῆσι

315 2433 372 2502 καλ
386 2435 592 2521 ἐφεστρίσιυ,
608 2433 786 2521 ἑστήκεσαν
796 2438 817 2502 δ
819 2433 834 2501 ε
848 2430 929 2520 μετόι
942 2440 1002 2502 τοῦ
1015 2440 1135 2502 λοιποῦ
1149 2435 1267 2522 δήμου.

286 2554 304 2607 3
317 2537 373 2605 καλ
387 2541 423 2605 οί
438 2537 499 2624 μὲν
512 2532 607 2606 ἄλλοι
620 2535 684 2626 πρὸ
698 2544 766 2606 τῶν
775 2543 896 2625 θυρῶν
909 2542 1037 2624 ἔμενον,
1053 2535 1116 2604 δύο
1130 2538 1171 2607 δέ
1183 2565 1267 2618 τινες
1278 2561 1298 2601 α

314 2635 337 2727 ή
350 2655 438 2728 τρεῖς
458 2636 713 2732 περιεργότερον
727 2644 910 2710 ἐπακοῦσαι
924 2645 992 2710 τῶν
1012 2642 1267 2728 βουλευομένων

314 2742 519 2829 θελήσαντες
538 2746 571 2824 ἐς
588 2741 624 2811 τό
638 2745 818 2834 συνέδριον
834 2749 1010 2830 είσήλθον,
1032 2738 1077 2823 ὥς
1096 2740 1157 2811 τόν
1173 2747 1267 2832 ίδρυ-

315 2848 418 2932 μένον
438 2844 553 2933 βωμόν
573 2852 630 2933 τής
648 2851 744 2933 νίκης
764 2842 953 2933 ύπερβήναι
971 2844 1118 2926 τούτους.
1162 2854 1221 2934 τῆς
1234 2845 1267 2915 δὲ

316 2948 505 3035 συγκλήτου
519 2945 603 3035 ιἰνήρ
618 2944 682 3016 ἆπό
696 2944 856 3026 ὑπατείας
871 2946 933 3034 μὲν
945 2954 1081 3035 νεωστί,
1102 2956 1267 3019 Γαλλικα·

316 3047 374 3131 νὸς
387 3047 501 3138 όνομα,
517 3047 744 3137 Καρχηδόνιος
757 3050 795 3118 δὲ
808 3048 844 3118 τὸ
859 3052 963 3138 γένος,
972 3052 1027 3120 καί
1042 3054 1154 3143 ἕτερος
1167 3074 1265 3142 στρα-
1278 3073 1297 3118 ν

316 3152 450 3243 τηγικός
462 3152 499 3221 τό
514 3149 657 3239 ἀξίωμα,
678 3152 858 3241 Μαικήνας
877 3153 1098 3241 καλούμενος,
1120 3151 1224 3225 οὐδέν
1239 3182 1266 3224 τι

316 3260 572 3345 προσδοκῶντας
585 3252 664 3333 τούς
683 3255 903 3343 στρατιοίτας,
918 3262 1051 3343 ἔχοντας
1070 3256 1107 3326 δὲ
1126 3255 1186 3338 τόις
1202 3273 1267 3346 χεῖ-

317 3384 378 3445 ρας
393 3354 662 3445 ύποκαθειμὲνας
675 3373 745 3438 ταῖς
765 3361 951 3446 ἐφεστρίσι,
972 3366 1110 3429 παίουσι
1130 3369 1267 3450 πληγαῖς

317 3465 565 3549 κατακαρδίοις,
589 3462 720 3548 ξίφεσιν
740 3456 790 3542 οἷς
811 3464 1012 3551 ἐπεφέροντο
1035 3458 1266 3545 όποκολπίοις·

285 3563 437 3644 4πο1ντες
449 3561 512 3654 γὰρ
527 3561 658 3652 διόιτήν
674 3554 780 3634 οὖσαν
794 3564 909 3634 στάσιν
922 3592 958 3634 τε
978 3566 1035 3633 καλ
1055 3566 1219 3655 ταραχήν,
1237 3572 1269 3636 οἳ
1280 3589 1301 3630 το

295 3668 367 3755 μὲν
380 3675 542 3761 φανερῶς
556 3678 593 3744 οἳ
606 3668 645 3745 δὲ
659 3670 717 3741 καὶ
730 3668 885 3763 κρύβδην
895 3720 907 3756 ,
918 3668 1159 3754 ἐξιρηηόρουο,
1168 3667 1267 3753 θροο-

285 3774 396 3868 τήρια
421 3781 541 3871 δῆθεν
566 3782 741 3878 φέροντες
769 3778 904 3849 ἑαυτῶν
933 3766 992 3839 δια
1015 3764 1098 3842 τους
1122 3770 1299 3847 θὶψνῶὶοε
