3134 4367
289 402 349 480 Ιοο
713 403 865 463 τεῖνον

309 575 483 666 ἠρέσκετο,
501 569 576 643 ἀλλ’
593 570 740 662 ἐπαχθὴς
757 569 821 663 ἤδη
836 575 891 643 καὶ
908 571 1014 663 βαρῦς
1028 570 1172 665 κάκείνω
1187 573 1259 661 ε’γέ-

308 706 401 765 νετο,
415 674 459 758 ὡς
472 679 528 746 καὶ
541 685 707 764 περιελεῖν
728 675 804 746 τινά
825 674 931 747 αὑτοῦ
951 683 1008 763 τῆς
1029 678 1181 759 ἐξουσίας
1201 675 1260 747 τὸν

309 788 481 871 Σευῆρον,
503 781 558 848 καὶ
584 796 695 849 πεῖσαι
722 778 878 849 κολούειν
899 778 935 849 τὸ
963 776 1176 867 ὑπερβάλλον
1203 786 1260 867 τῆς

276 902 294 956 4
310 882 509 968 ἀλαζονείας.
562 878 643 972 ἀδη
657 881 702 972 μὴ
717 885 831 971 φέρων
853 880 870 953 ὁ
891 880 1101 963 Πλαυτιανὺς
1121 882 1260 972 ἐτόλμη-

307 1012 366 1059 σεν
382 991 618 1075 ἐπιβουλεῦσαι
631 994 671 1076 τῇ
686 983 779 1076 ἀρχῇ.
792 988 848 1055 καί
857 993 1039 1075 μηχανᾶται
1053 985 1172 1055 τοιάδε.
1187 996 1260 1055 Σα-
1275 1005 1288 1047 ⁶

307 1106 457 1180 τορνῖνος
470 1079 513 1180 ἦν
531 1084 578 1170 εἷς
591 1096 659 1158 τῶν
678 1086 737 1179 ὑπ’
760 1086 851 1182 αύτῷ
865 1088 1134 1178 χιλιαρχούντων.
1163 1078 1262 1169 οὗτος

307 1191 583 1282 ὑπερβαλλόντως
597 1191 656 1261 τόν
665 1191 880 1262 Πλαυτιανόν
894 1192 1094 1282 ἐθεράπευε·
1111 1193 1167 1262 καὶ
1181 1188 1261 1261 πάν·

306 1326 374 1367 των
386 1298 448 1385 μέν
457 1303 554 1367 τοῦτο
568 1295 766 1383 ποιούντων,
776 1300 903 1376 ἐκεῖνος
912 1296 950 1365 δὲ
956 1304 1085 1364 πλείονι
1095 1302 1243 1385 θρησκεί
1246 1365 1254 1386 ,

307 1398 452 1493 ᾠκείωτο
480 1394 594 1468 αὑτόν.
636 1405 755 1468 τοῦτον
778 1398 975 1468 πιστότατον
995 1393 1180 1488 ἡγούμενος
1205 1399 1261 1468 καὶ

226 1547 229 1553 -
307 1502 514 1592 ἀπορρήτους
527 1502 631 1590 μόνον
645 1496 717 1571 οἷόν
733 1531 768 1572 τε
786 1502 929 1591 φυλάξαι
943 1506 998 1572 καὶ
1013 1508 1187 1591 πληρῶσαι
1204 1504 1260 1571 έν·
1278 1531 1300 1572 ιο

306 1606 420 1694 τολάς,
441 1607 517 1695 περὶ
538 1611 653 1693 δείλην
672 1606 966 1694 μεταπεμψάμενος
985 1604 1121 1675 πάντων
1139 1601 1262 1674 ἀνακε-

277 1709 510 1800 5χωρηκότων
532 1704 620 1778 “νῦν
645 1728 697 1778 σοι
723 1705 853 1796 καιρός”
883 1716 947 1797 ἔφη
966 1704 1080 1788 “τέλος
1105 1724 1263 1796 γενναῖον

307 1818 476 1884 ἐπιθεῖναι
496 1808 613 1902 εὐνοίᾳ
633 1838 669 1880 τε
689 1813 745 1881 καί
767 1808 934 1902 ὑπηρεσίᾳ
958 1806 1000 1900 ἣν
1018 1810 1101 1897 πρός
1120 1838 1162 1898 με
1185 1815 1263 1880 έπε-

308 1918 416 2001 δείξω,
425 1919 501 2003 ἐμοί
510 1942 545 1983 τε
555 1910 767 2001 ἀμείψασθαί
777 1939 815 1984 σε
828 1911 894 1984 κατ’
912 1912 1007 1997 ἀξίαν
1015 1916 1070 1984 καὶ
1084 1911 1146 2001 τὴν
1155 1936 1262 2003 προσ-

308 2018 457 2105 ήκουσαν
476 2017 574 2104 χάριν
593 2013 789 2086 ἀποδοῦναι.
821 2017 992 2106 πρόκειται
1006 2020 1045 2086 δέ
1062 2037 1115 2087 σοι
1136 2021 1262 2107 αἵρεσις
1280 2043 1300 2085 ιο

306 2116 403 2208 ἢτοῦ
419 2118 504 2189 εἶναι
524 2116 607 2207 ὅπερ
627 2120 683 2208 ἐμὲ
702 2128 768 2190 νῦν
788 2115 868 2211 ὁρᾷς
888 2117 983 2207 όυτα,
1003 2123 1059 2190 καὶ
1078 2117 1180 2208 τήνδε
1201 2118 1262 2209 τὴν

308 2227 462 2306 ἐξουσίαν
484 2230 690 2311 παραλαβεῖν
715 2223 953 2312 διαδεξάμενόυ
972 2251 1032 2312 με,
1052 2218 1075 2312 ἦ
1098 2223 1262 2293 τεθνάναι

277 2343 294 2396 6
308 2322 428 2395 αύτίκα
445 2322 619 2405 ἀπειθείας
633 2322 821 2414 ὑποσχόντα
835 2334 1006 2416 τιμωρίαν.
1046 2328 1132 2415 μηδέ
1147 2349 1186 2395 σε
1201 2332 1262 2396 τοῦ

307 2436 409 2518 ἔργον
423 2428 459 2499 τὸ
476 2432 619 2517 μέγεθος
632 2432 855 2518 ἐκπληττέτω,
869 2430 953 2519 μηδὲ
966 2427 1002 2499 τὺ
1017 2437 1084 2499 των
1096 2431 1262 2519 βασιλέων

306 2530 412 2621 όνομα
425 2534 619 2621 ταραττέτω.
654 2535 791 2603 εἰσιέναι
812 2530 875 2623 γάρ
896 2534 990 2623 μέχρι
1009 2540 1069 2602 τοῦ
1089 2538 1261 2621 δωματίου
1277 2564 1301 2603 τι

230 2709 235 2722 ,
306 2644 393 2707 ἔνθα
413 2632 641 2706 ἀναπαύονται
656 2636 799 2706 δύνασαι
814 2636 931 2725 μόνος,
950 2632 1006 2705 ἀτε
1025 2634 1087 2725 τὴν
1104 2664 1263 2724 νυκτερι-

306 2738 371 2828 νὴν
393 2738 549 2828 φρουράν
569 2742 605 2809 ἐκ
624 2741 785 2828 περιόδου
808 2742 1097 2829 ἐγκεχειρισμένος.
1138 2736 1159 2808 ὅ
1178 2767 1210 2808 τι
1228 2736 1261 2808 δ’

307 2838 350 2911 ἀν
369 2844 490 2931 μέλλης
509 2842 682 2931 πράττειν,
703 2844 885 2913 λανθάνων
909 2841 1086 2924 ἀκωλύτως
1113 2845 1146 2922 ἐς
1172 2845 1263 2923 τέλος

308 2941 412 3031 άξεις,
428 2945 500 3013 ἐπεὶ
519 2940 594 3031 μήτ’
617 2946 673 3033 ἐμὲ
693 2952 829 3015 τοιαῦτα
848 2953 896 3015 ἔτι
917 2953 1071 3016 κελεῦσαι
1091 2946 1263 3035 προσδόκα

276 3068 292 3123 7
308 3046 388 3137 μήτε
402 3047 438 3115 σὲ
452 3049 644 3115 ἐπακοῦσαι.
696 3042 820 3117 άνελθε
834 3046 875 3136 δὴ
891 3051 923 3130 ές
937 3045 998 3138 τὴν
1013 3055 1185 3138 βασίλειον
1198 3046 1262 3117 αῦ-
1277 3075 1300 3116 τε

307 3151 386 3239 λήν,
403 3151 458 3219 καὶ
474 3145 519 3229 όός
531 3175 623 3229 τινας
644 3146 799 3239 ἀγγελίας
819 3152 1014 3240 έπειγούσας
1035 3153 1091 3221 καὶ
1112 3148 1263 3242 ἀπορρή-

307 3280 385 3333 τους
405 3248 487 3339 παρ’
509 3254 591 3339 ἐμοῦ
611 3254 726 3341 φέρων
746 3252 953 3324 ἐπεισελθὺν
973 3253 1086 3338 αύτοῖς
1107 3252 1263 3325 ἀπόκτει-

307 3383 379 3426 νον.
394 3350 480 3444 ἀνὴρ
495 3354 533 3424 δέ
547 3370 700 3442 γενναῖος
712 3364 826 3446 γενοῦ,
841 3361 964 3450 ῥηιδίως
977 3358 1263 3447 κατεργασάμενος

307 3456 499 3548 πρεσβύτην
512 3485 547 3526 τε
561 3460 617 3527 καὶ
637 3460 825 3550 παιδάριον.
851 3460 1021 3550 μετασχών
1034 3459 1098 3552 γάρ
1113 3459 1150 3531 τὸ
1164 3464 1263 3551 μέρος

306 3568 374 3630 τῶν
388 3560 569 3648 κινδύνων,
577 3565 727 3649 μεθέξεις
740 3566 797 3633 καί
810 3572 877 3635 τῶν
890 3573 1054 3655 μεγίστων
1068 3572 1125 3653 τῆς
1139 3593 1261 3657 κατορ-
1277 3594 1299 3635 ω

307 3664 446 3746 θύσεως
459 3661 591 3751 τιμῶν.”

267 3790 290 3840 8
408 3774 513 3838 ταῦτα
531 3763 677 3850 ἀκούσας
703 3764 721 3841 ὁ
742 3768 910 3860 χιλιάρχης
935 3769 1094 3859 ἐξεπλάγη
1121 3770 1184 3859 μὲν
1202 3767 1262 3857 τὴν
