3134 4367
359 429 420 505 ιον
737 443 910 505 ονλοοιι

344 615 509 699 σώζεσθαι
535 616 592 683 καλ
611 612 834 705 τηνπατρίδα
857 613 989 698 σοι’ζειν,
1012 612 1165 693 διδόντος
1185 610 1295 695 αὐτοῖς

343 725 489 809 χρηστοῦ
497 713 1296 807 βασιλέωςἀμνηστίανσνγγνοίμηντετῶνόιμαρ-

342 824 531 909 τηθέντων·
555 817 596 890 ού
618 818 681 910 γάρ
706 817 829 900 αύτούς
852 826 978 901 αἰτίους
997 827 1202 909 γεγενῆσθαι
1222 816 1293 890 ἀλλ’

311 935 329 988 3
344 921 475 1006 ἀλλους.
527 930 562 993 οί
571 923 633 1012 μὲν
646 913 710 993 οὖν
723 925 878 1011 πρέσβεις
891 921 1028 992 τοιαῦτά
1041 950 1117 992 τινα
1129 921 1221 992 κάτω
1235 948 1298 992 πα-

341 1035 501 1116 ρεστῶτες
515 1027 632 1116 ἐβόων,
648 1022 692 1107 ὡς
706 1026 887 1109 ἐξάκουστα
901 1035 967 1114 είη·
984 1022 1002 1095 δ
1017 1026 1054 1095 δὲ
1067 1034 1223 1107 πλεῖστος
1237 1031 1316 1113 δίη-5

341 1158 401 1219 μος
414 1138 459 1223 τῷ
473 1137 573 1218 τείχει
587 1132 643 1200 καλ
660 1145 728 1209 τοῖς
740 1126 883 1218 πύργοις
896 1128 1058 1216 ἐφεστώς,
1073 1126 1163 1217 πλὴν
1178 1135 1248 1198 τῶν
1261 1126 1298 1197 τά

340 1232 440 1304 λοιπά
459 1237 541 1322 μέρη
565 1232 827 1322 φρουρούντων,
850 1231 1015 1321 ἐπήκουεν
1036 1229 1212 1320 ἡσυχάζων
1232 1239 1297 1301 τῶν

309 1340 540 1425 λλεγομένων.
592 1332 611 1406 δ
631 1336 669 1405 δὲ
687 1344 870 1422 Κρισπῖνος
889 1336 1054 1425 φοβηθεὶς
1073 1334 1119 1423 μή
1145 1362 1218 1415 πως
1244 1330 1297 1403 ἅτε

210 1431 213 1444 ’
341 1437 438 1528 όχλος
452 1455 523 1521 ταῖς
535 1435 755 1527 ὑποσχέσεσιν
768 1435 1001 1525 ἀναπεισθείς,
1018 1437 1158 1527 εἰρήνην
1173 1465 1210 1507 τε
1224 1433 1296 1507 ἀντὶ

341 1538 680 1631 πολέμουὲλόμενος,
701 1539 817 1633 ἀνοίξη
840 1540 898 1622 τὰς
920 1542 1042 1629 πύλας,
1064 1543 1239 1630 περιθέων
1260 1538 1294 1610 τό
1310 1560 1328 1600 ¹⁰

341 1662 446 1734 τεῖχος
467 1650 572 1716 ἐδεῖτο
587 1649 644 1716 καλ
665 1645 813 1734 ἐλιπάρει
834 1646 949 1732 μένειν
968 1672 1004 1713 τε
1025 1647 1224 1734 θαρραλέως
1243 1645 1295 1713 καὶ

341 1747 492 1838 ἀντέχειν
513 1758 692 1839 γενναίως,
713 1750 798 1838 μηδὲ
821 1748 1020 1835 προδιδόναι
1046 1746 1109 1836 τὴν
1125 1745 1212 1836 πρὸς
1237 1746 1295 1835 τὴν

341 1854 530 1942 σύγκλητον
548 1855 605 1922 καὶ
621 1851 790 1940 Ῥωμαίων
813 1857 919 1939 δῆμον
939 1862 1067 1937 πίστιν,
1089 1857 1244 1940 σωτῆρας
1261 1850 1295 1919 δὲ

341 1958 398 2023 καὶ
419 1956 608 2054 προμάχους
626 1952 763 2033 Ἰταλίας
776 1954 888 2041 πάσης,
903 1951 1154 2043 ἀναγραφῆναι,
1176 1952 1222 2042 μὴ
1241 1978 1294 2023 πι-

341 2057 473 2126 στεύειν
498 2057 535 2126 δὲ
566 2054 763 2144 ὑποσχέσεσι
794 2055 965 2145 τυράννου
992 2056 1153 2145 ἐπιόρκου
1178 2085 1217 2126 τε
1242 2058 1294 2128 καὶ
1309 2080 1327 2121 ιι

340 2157 546 2246 ἀπατεῶνος,
566 2161 650 2248 μηδὲ
666 2174 817 2249 χρηστοῖς
829 2159 939 2247 λόγοις
960 2162 1203 2240 δελεασθέντας
1223 2157 1295 2230 ὀλέ-

342 2274 417 2356 θρφ
431 2262 589 2356 προύπτφ
604 2269 855 2355 παραδοθῆναι,
872 2262 950 2333 ε’νδν
964 2270 1139 2333 πιστεῦσαι
1149 2264 1294 2352 πολέμου

312 2394 329 2447 5
345 2364 521 2459 ἀμφιβόλῳ
544 2366 642 2457 τύχη·
663 2367 822 2446 πολλάκις
841 2369 905 2455 γάρ
926 2369 983 2435 καλ
1002 2363 1110 2454 ὀλίγοι
1128 2366 1294 2436 πλειόνων

342 2471 589 2559 περιεγένοντο,
606 2473 662 2540 καλ
682 2477 861 2550 δοκοῦντες
881 2466 1117 2558 ἀσθενέστεροι
1134 2479 1294 2539 καθεῖλον

341 2574 420 2655 τοὺς
433 2578 470 2643 ἐν
484 2571 648 2662 ὑπολήψει
662 2571 818 2663 ἀνδρείας
831 2580 995 2662 μείζονος·
1015 2569 1094 2661 μηδ’
1116 2573 1292 2661 ἐκπλήττε-
1306 2589 1326 2627 ⁹³

342 2688 424 2747 σθαι
437 2684 483 2771 τῷ
496 2678 621 2767 πλήθει
633 2685 693 2749 τοῦ
709 2685 861 2768 στρατοῦ.
882 2673 1006 2766 “οι“μδν
1016 2675 1079 2766 γὰρ
1088 2671 1177 2765 ὑπὲρ
1191 2673 1293 2745 ἀλλον

341 2781 521 2869 μαχόμενοι
534 2783 590 2850 καὶ
604 2788 662 2868 τῆς
676 2778 756 2867 παρ’
773 2782 875 2873 ἑτέρω
895 2782 1050 2868 ἐσομένης
1069 2775 1292 2867 εὐδαιμονίας,

343 2894 437 2972 εῖπερ
451 2885 596 2972 γένοιτο,
616 2883 846 2973 μετριάζουσιν
866 2885 903 2951 ἐν
916 2890 962 2975 τῷ
979 2881 1146 2974 προθύμῳ
1160 2890 1219 2971 τῆς
1232 2882 1293 2970 μά-

341 3015 415 3076 χης,
431 2986 554 3065 εἰδότες
572 2983 616 3066 ὡς
634 2992 701 3055 τῶν
720 2986 782 3074 μὲν
801 2983 971 3054 κινδύνων
989 2983 1086 3055 αύτολ
1103 2989 1291 3073 μεθέξουσι,

342 3088 383 3160 τά
397 3092 435 3160 δὲ
446 3091 582 3177 μέγιστα
596 3089 653 3156 καὶ
666 3103 834 3177 κορυφαῖα
854 3094 911 3175 τῆς
931 3095 1026 3177 νίκης
1040 3085 1139 3169 ἀλλος
1158 3088 1325 3180 καρποί-ιι

313 3214 450 3270 6σεται·
476 3205 545 3270 τοῖς
571 3193 609 3262 δὲ
637 3187 722 3279 ὑπὲρ
747 3198 805 3279 της
830 3197 989 3280 πατρίδος
1014 3192 1213 3281 μαχομένοις
1239 3193 1292 3261 καὶ

341 3292 432 3382 παρὰ
445 3300 513 3364 τῶν
527 3300 620 3363 θεῶν
636 3297 767 3374 ἐλπίδες
780 3302 968 3383 κρείττους,
990 3293 1104 3383 ἐπειδὴ
1120 3293 1162 3365 ού
1176 3293 1219 3365 τά
1235 3293 1292 3365 άλ·

340 3406 410 3466 λων
424 3403 539 3484 λαβεῖν
553 3394 637 3466 ἀλλά
651 3396 692 3469 τά
712 3394 825 3467 αὑτων
840 3398 957 3481 σώζειν
971 3396 1134 3486 εύχονται.
1161 3399 1200 3469 τό
1213 3427 1250 3469 τε
1262 3402 1293 3478 ἐς

340 3498 399 3582 τάς
411 3499 516 3590 μάχας
529 3500 707 3590 πρόθυμον
720 3498 782 3571 ούκ
797 3504 829 3585 ἐξ
844 3498 948 3571 ἀλλον
963 3502 1147 3583 κελεύσεως
1168 3499 1244 3573 ἀλλ’
1260 3504 1291 3583 ἐξ

332 3612 463 3688 οίκειας
481 3600 631 3698 ἀνάγκης
651 3613 803 3697 ἔχουσιν,
824 3607 896 3676 ἐπεὶ
918 3607 975 3674 καλ
996 3612 1054 3693 τῆς
1073 3612 1170 3695 νίκης
1192 3612 1258 3686 πάς
1272 3600 1290 3673 ό
1305 3632 1327 3673 ω

278 3725 302 3779 7
310 3708 451 3800 καρπός
467 3708 592 3799 αύτοῖς
612 3706 854 3809 περιγίνεταιῖ’
912 3708 1053 3779 τοιαῦτά
1068 3733 1146 3774 τινα
1162 3703 1299 3789 λὲηωοδ

290 3817 505 3907 Κρισπῖνος
525 3826 592 3898 καὶ
614 3823 709 3921 πρὸς
731 3821 907 3904 ἑκάστους
927 3814 987 3883 καὶ
1006 3812 1131 3892 κοινῇ»
1148 3802 1255 3886 ΨΜ
1268 3802 1325 3882 δεῖ
