3134 4367
663 433 883 492 TETAPTON
1193 431 1251 493 125

296 605 478 676 ἐπιστέλλει
492 632 527 674 τε
546 610 592 697 τῷ
606 610 813 696 Παρθυαία,
836 605 945 692 λέγων
957 601 1017 674 τὸν
1029 608 1091 694 μέν
1104 609 1180 695 περὶ
1194 607 1252 690 τάς

295 706 443 789 σπονδάς
456 709 513 776 καί
526 705 604 788 τούς
617 702 739 797 ὅρκους
753 705 958 795 ἀδικήσαντα
977 712 1113 798 βασιλέα
1126 722 1252 801 τεθνη-

294 814 388 881 κέναι
402 817 499 891 δίκας
511 838 547 881 τε
560 807 652 891 ἀξίας
667 800 716 879 οἷν
729 816 850 898 ἐδρασε
864 813 1056 899 δεδωκέναι,
1072 809 1251 902 Ῥωμαίους

295 918 341 1002 δέ,
358 904 409 983 οἷν
425 916 516 984 έστίν
531 910 552 1003 ή
567 910 661 1001 ἀρχή,
676 916 784 1007 ἐαυτῷ
799 912 840 983 τά
853 921 911 1003 τῆς
924 921 1093 1003 βασιλείας
1105 919 1251 1004 ἐγκεχει-

270 1041 280 1080 ⁵
295 1020 442 1104 ρικέναι·
457 1017 538 1106 μήτε
552 1016 590 1085 δέ
603 1012 805 1106 ἀρέσκεσθαι
819 1032 887 1097 τοῖς
900 1027 1115 1107 πραχθεῖσιν,
1130 1026 1282 1108 αἰχμά-8

294 1122 422 1201 λάτους
435 1148 471 1190 τε
485 1119 564 1202 τοὺς
577 1119 753 1206 περιόντας
766 1117 964 1207 ἀποδοῦναι,
981 1120 1130 1209 χρήματά
1142 1151 1178 1192 τε
1190 1120 1254 1191 ὅσα

293 1221 427 1313 ἡρπάγη
442 1221 614 1310 ἀποτῖσαι,
629 1230 718 1315 φίλω
738 1250 773 1292 τε
795 1221 869 1292 ἀντὶ
891 1227 1018 1312 ἐχθροῦ
1037 1231 1183 1314 χρῆσθαι
1197 1226 1255 1295 καί

293 1325 354 1415 τήν
368 1326 508 1416 εἰρήνην
521 1323 633 1415 ὅρκοις
646 1328 703 1395 καί
715 1333 875 1407 σπονδαῖς
891 1334 1084 1415 βεβαιῶσαι.
1100 1324 1117 1397 ό
1132 1330 1170 1398 δέ
1180 1327 1253 1414 Ἀρ·

294 1431 437 1520 τάβανος
454 1429 560 1499 ταῦτά
577 1457 613 1499 τε
633 1425 801 1517 ἀναγνοὺς
822 1432 879 1498 καί
900 1433 1073 1518 διδαχθεὶς
1094 1428 1162 1502 ὑπὸ
1184 1438 1254 1501 τῶν

260 1553 281 1596 ¹⁸
294 1536 469 1622 πρέσβεων
485 1535 564 1623 περὶ
577 1539 634 1620 τής
652 1528 856 1602 Ἀυτωυίνου
870 1529 1087 1622 ἀναιρέσεως,
1102 1532 1252 1624 αὐτάρκη

293 1644 458 1725 τιμωρίαν
471 1617 531 1707 τὸν
551 1636 876 1724 παρασπονδήσαντα
896 1639 1079 1707 δεδωκέναι
1097 1646 1251 1728 νομίζων,

293 1748 353 1810 τοῦ
367 1768 404 1808 τε
417 1746 560 1827 στρατοῦ
575 1734 667 1830 αὐτῷ
684 1742 954 1828 τετρυχωμένου,
972 1736 1112 1828 ἀγαπῶν
1124 1769 1160 1812 τε
1173 1741 1252 1822 τούς
1266 1764 1283 1819 9

295 1843 524 1933 αἰχμαλώτους
552 1844 609 1911 καί
635 1839 677 1910 τά
702 1842 850 1931 χρήματα
876 1840 1039 1931 ἀναιμωτὶ
1059 1840 1252 1934 ἀπολαβεῖν,

294 1946 515 2034 σπεισάμενος
529 1944 667 2035 εἰρήνην
681 1944 764 2033 πρὸς
784 1944 844 2016 τόν
863 1954 1044 2034 Μακρῖνον
1063 1951 1096 2029 ἐς
1114 1946 1154 2017 τά
1173 1950 1254 2032 έαμ-

261 2072 281 2113 Ιι
297 2057 357 2120 τοῦ
382 2051 606 2138 ἐπανέρχεται.
648 2044 723 2119 δδέ
744 2046 804 2119 τόν
826 2055 884 2133 [τε]
906 2048 1048 2137 στρατὸν
1067 2047 1254 2135 ἀπαλλάξας

295 2161 352 2240 τῆς
378 2157 416 2222 ἐν
437 2159 681 2245 Μεσοποταμία
706 2158 879 2242 διατριβῆς
906 2156 939 2234 ἐς
967 2151 1028 2242 τήν
1051 2149 1254 2242 Ἀντιόχειαν

294 2253 460 2345 ἠπείγετο.

260 2588 282 2629 ω
460 2568 731 2631 ΒΙΒΛΙΟΝ
768 2569 1089 2633 ΠΕΜΠΤΟΝ.

390 2764 503 2848 Ὅπως
516 2767 578 2855 μὲν
589 2764 630 2854 δή
645 2762 662 2834 ὁ
680 2763 878 2847 Ἀντωνῖνος
896 2757 978 2857 ήρξέ
990 2794 1025 2836 τε
1045 2768 1101 2835 καί
1121 2768 1254 2837 ἐτελεύ-

296 2893 386 2959 τησε,
401 2871 584 2959 δεδήλωται
598 2873 636 2939 ἐν
649 2876 695 2962 τῷ
709 2868 774 2958 πρὸ
788 2869 910 2940 τούτου
926 2869 1158 2960 συγγράμματι
1173 2867 1205 2959 [ή
1219 2899 1255 2940 τε

297 2972 362 3060 πρό
376 2974 499 3044 τούτου
515 2971 675 3062 ἐπιβουλή
696 2976 752 3043 καί
772 2974 940 3062 διαδοχή]·
960 2974 1140 3063 γενόμενος
1160 2976 1197 3045 δὲ
1218 2979 1256 3045 ἐν

259 3102 283 3145 ιτ
299 3086 339 3168 τῇ
355 3075 539 3170 Ἀντιοχείᾳ
552 3073 570 3147 ό
584 3085 760 3164 Μακρῖνος
773 3081 956 3148 ἐπιστέλλει
965 3085 1011 3171 τῷ
1024 3105 1060 3149 τε
1074 3078 1168 3171 δήμῳ
1177 3074 1255 3148 Ῥω·
1288 3064 1294 3076 ⁸

296 3188 406 3269 μαίων
424 3182 481 3250 καὶ
501 3188 540 3271 τή
560 3181 750 3273 συγκλήτῳ,
771 3184 880 3271 λέγων
899 3180 1022 3251 τοιάδε.
1070 3178 1129 3251 “ἐν
1149 3184 1285 3260 εἰδόσια

296 3283 359 3373 μέν
371 3281 455 3373 ὑμῖν
468 3290 529 3354 τοῦ
549 3311 585 3353 τε
604 3291 683 3373 βίου
705 3312 770 3373 μου
794 3282 856 3374 τήν
878 3288 911 3367 ἐξ
933 3282 1035 3373 ἀρχῆς
1060 3294 1256 3375 προαίρεσιν

296 3394 359 3457 τοῦ
374 3416 410 3457 τε
425 3388 552 3477 τρόπου
565 3385 602 3456 τό
622 3384 705 3476 πρὸς
723 3387 925 3477 χρηστότητα
943 3391 1133 3477 ἐπιρρεπές,
1150 3393 1205 3459 καί
1219 3387 1255 3458 τό

298 3498 409 3581 πράου
422 3498 481 3580 τῆς
494 3496 722 3579 διοικηδείσης
742 3490 906 3580 πρότερον
926 3492 1090 3580 πράξεως,
1106 3490 1148 3562 οά
1169 3491 1256 3562 πολύ

261 3613 284 3656 ³⁰
297 3623 330 3663 τι
343 3597 495 3678 ἐξουσίας
507 3596 564 3664 καὶ
572 3592 745 3680 δυνάμεως
755 3600 926 3696 βασιλικῆς
940 3591 1155 3683 ἀποδεοάσης,
1171 3590 1256 3663 ὅπου

298 3725 336 3786 γε
350 3701 409 3767 καὶ
422 3694 523 3779 αὐτὸς
536 3694 554 3768 ό
569 3694 726 3787 βασιλεδς
744 3710 813 3777 τοῖς
831 3698 1011 3786 ἐπάρχουσι
1031 3705 1098 3766 τῶν
1118 3718 1257 3785 στρατο-

298 3803 414 3871 κέδων
436 3809 664 3891 πεπίστευται,
695 3798 854 3893 περιττὸν
880 3808 1008 3894 νομίζω
1037 3808 1291 3891 μακρηγορεῖν-
