3134 4367
332 402 373 465 46
701 404 928 464 AEYTEPON

332 574 472 665 σχήματι
485 577 542 645 καὶ
554 581 666 666 τηρῦν
678 571 716 644 τὸ
729 580 791 643 τοῦ
805 579 968 662 βασιλέως
982 574 1125 665 ἀξίωμα,
1140 572 1244 646 οὐδέν
1256 602 1289 645 τι

331 679 570 768 κατεπτηχότος
601 676 681 749 οῦδὲ
712 676 971 761 ἀποδειλιῶντος
999 681 1055 749 καὶ
1082 680 1290 760 ἱκετεύοντος

332 788 441 871 σχῆμα
454 781 720 873 ἐνδεικνύμενος.

301 905 319 958 6
429 882 488 955 “τὸ
509 886 572 976 μὲν
592 882 669 976 ἐμέ”
685 891 750 974 ἔφη
765 880 870 974 “πρός
883 880 979 974 ῦμῦν
992 882 1215 974 ἀναιρεθῆναι
1229 881 1287 954 οῦ-

332 990 391 1059 δέν
408 1016 440 1058 τι
453 993 538 1079 με’χα
550 985 571 1079 ἢ
584 986 672 1079 βαρύ
686 988 857 1080 πρεσβύτῃ
878 992 912 1069 ἐς
924 986 1053 1079 μακρὰν
1072 993 1176 1078 γῆρας
1190 988 1286 1057 ἐνδύ-
1306 1009 1318 1049 5

326 1096 394 1175 ξας
407 1092 577 1163 ἐλάσαντι·
592 1094 693 1162 παντὶ
706 1090 770 1181 γάρ
783 1089 980 1183 ἀνθρώπων
999 1100 1062 1187 βίμ
1082 1089 1212 1180 ἀνάγκη
1233 1094 1286 1160 ιε’-

330 1204 387 1276 λος
406 1200 618 1285 ἐπιτεθῆναι·
632 1193 670 1264 τὸ
690 1196 728 1265 δέ
746 1190 847 1284 ῦμᾶς,
868 1195 1020 1284 φύλακας
1040 1198 1096 1264 καὶ
1116 1193 1290 1285 φρουρούς

331 1304 513 1393 δοκοῦντας
527 1297 614 1368 εἶναι
627 1304 688 1368 τοῦ
707 1302 871 1387 βασιλέως
891 1301 947 1368 καὶ
965 1297 1044 1379 τοῦς
1064 1301 1192 1381 ἔξωθεν
1213 1324 1286 1367 κιν-

331 1401 457 1483 δύνους
469 1398 704 1491 ἀπείργοντας,
719 1398 842 1482 αὐτούς
856 1405 1016 1489 γενέσθαι
1031 1418 1157 1491 φονεῖς,
1171 1402 1228 1469 καὶ
1242 1399 1288 1491 μη

325 1501 434 1595 μόνον
448 1507 600 1600 ἐμφυλίῳ
613 1502 697 1575 ἀλλά
710 1506 766 1574 καὶ
786 1512 944 1599 βασιλείῳ
964 1511 1080 1594 μιᾶναι
1100 1502 1158 1585 τάς
1179 1502 1289 1587 δεξιάς
1300 1525 1330 1575 11⁰

329 1614 457 1698 αἵματι,
479 1604 577 1699 ὁράτε
598 1606 642 1699 μὴ
662 1606 745 1699 πρὸς
762 1606 800 1677 τδ
827 1615 893 1678 νῦν
913 1606 1050 1680 ἀνόσιον
1069 1610 1126 1677 καὶ
1145 1603 1289 1700 ῦστερον

329 1708 411 1802 ύμῖν
424 1716 643 1783 ἐπικίνδυνον
654 1703 686 1802 ἦ
714 1708 755 1782 ού
773 1711 838 1802 γάρ
857 1740 890 1781 τι
910 1716 1042 1805 ἐμαυτῷ
1061 1711 1203 1781 σύνοιδα
1224 1721 1285 1781 λυ-

300 1822 316 1878 7
331 1816 474 1906 πήσαντι
492 1812 587 1905 ὑμᾶς.
640 1823 672 1885 εί
690 1816 728 1885 δέ
748 1817 805 1884 καὶ
824 1818 879 1885 ἐπὶ
897 1821 938 1907 τῇ
956 1821 1017 1884 τοῦ
1029 1814 1212 1905 Κομμύδου
1231 1843 1285 1884 τε-

329 1924 431 2008 λευτῇ
459 1924 712 2009 δυσχεραίνετε,
740 1915 841 1987 οῦδὲν
868 1918 1072 2010 παράδοξον,
1101 1916 1288 2008 ἀνδρωπου

212 2017 216 2036 “
327 2020 408 2092 ὅντα
422 2028 454 2090 εἰ
464 2019 603 2111 τελευτὴ
616 2023 809 2109 κατέλαβεν.
837 2027 868 2090 εί
881 2022 918 2091 δὲ
938 2028 1035 2091 τοῦτο
1055 2024 1087 2105 ἐξ
1107 2025 1287 2110 ἐπιβουλῆς
1306 2045 1327 2085 ιε

291 2138 293 2140 ’
327 2135 442 2195 οἴεσθε
456 2129 676 2214 γεγενῆσθαι,
696 2121 757 2193 οῦκ
771 2121 901 2213 ἐμὸντδ
920 2120 1110 2215 ἁμάρτημα·
1133 2135 1202 2200 ,ἴστε
1222 2124 1306 2219 γάρο

328 2232 390 2312 ἐξω
410 2228 516 2317 πάσης
534 2226 615 2298 ὄντα
634 2255 676 2317 με
695 2223 842 2310 ὑποψίας
862 2232 918 2299 καὶ
938 2226 1040 2297 οῦδὲν
1067 2218 1167 2318 ἦττον
1187 2223 1287 2318 ῦμῦν

329 2329 517 2420 ἀγνοοῦντα
530 2329 570 2401 τά
583 2331 658 2401 τότε
671 2334 904 2420 πεπραγμένα,
920 2327 964 2412 ὡς
978 2343 1013 2401 εί
1021 2359 1052 2400 τι
1066 2328 1285 2418 ὑποπτεύετε,

297 2437 453 2525 ὃὲτέροις
467 2437 641 2524 ἐπιφέρειν
653 2433 690 2503 τὸ
712 2441 869 2524 ἔγκλημα.
921 2432 996 2505 ἀλλ’
1017 2432 1105 2524 ὅμως
1126 2432 1285 2505 κάκείνου

327 2537 585 2629 τελευτήσαντος
609 2535 712 2609 οῦδὲν
736 2534 818 2628 ῦμίν
844 2544 915 2608 τοῖν
936 2536 1110 2628 εῦπρεπῦς
1131 2541 1187 2608 καὶ
1206 2537 1281 2608 κατ’
1301 2564 1326 2605 ιι

327 2640 423 2727 ἀξίαν
448 2645 504 2712 καὶ
530 2640 613 2714 ἀνευ
639 2648 699 2712 τοῦ
725 2642 904 2731 βιάζεσθαί
925 2671 966 2733 με
993 2637 1016 2732 ἢ
1041 2638 1201 2731 ἁρπάζειν
1228 2645 1283 2712 ἐν·

327 2743 469 2837 δεήσει.”

427 2846 565 2917 τοιαῦτά
576 2876 652 2918 τινα
664 2852 777 2936 λέγειν
790 2846 902 2928 αῦτοίς
922 2846 1127 2936 πασάμενος
1147 2842 1212 2935 ἥδη
1233 2874 1282 2915 τι·

325 2948 386 3032 νάς
397 2947 510 3020 αὐτῶν
522 2952 579 3020 καὶ
592 2960 722 3021 πείσειν
737 2959 868 3040 ἔμελλε,
881 2952 938 3019 καὶ·
950 2945 1013 3019 οῦκ
1026 2947 1132 3037 ὀλίγοι
1146 2975 1184 3036 χε
1198 2945 1283 3018 ἀπο-

325 3056 528 3145 στραφέντες
548 3050 758 3143 ἀνεχώρουν,
771 3058 898 3143 σεμνοῦ
919 3056 1081 3141 βασιλέως
1100 3057 1205 3142 γῆρας
1226 3059 1279 3121 αί-
1298 3074 1324 3117 ιι

328 3157 504 3246 δούμενοι·
519 3162 567 3225 ἔτι
580 3156 619 3226 δέ
633 3161 799 3227 λαλοῦντα
812 3153 874 3226 τὸν
891 3157 1083 3251 πρεσβύτην
1104 3155 1281 3226 ἐπιπεσόν-

296 3282 313 3337 9
326 3287 379 3341 τες
393 3258 587 3348 φονεύουσι.
616 3261 797 3349 δράσαντές
810 3288 846 3330 τε
861 3256 966 3340 οῦτοις
981 3258 1072 3352 ὠμὸν
1086 3266 1197 3350 ἔργον,
1213 3261 1282 3328 δέει

274 3368 428 3449 ,,,·;,ἶ,’,’,τῦν
436 3365 689 3453 τετολμημένων
702 3363 832 3453 φθάσαι
846 3364 1004 3446 θέλοντες
1016 3362 1078 3456 την
1091 3368 1151 3433 τοῦ
1172 3361 1282 3452 δήμου

295 3458 342 3492 ‘¹⁸¹'
357 3472 493 3556 ἐφοδον,
502 3466 717 3556 ἐπιστάμενοί
727 3494 763 3537 τε
776 3463 828 3537 ὅτι
840 3467 1035 3556 χαλεπῦςτδ
1050 3472 1179 3557 πλῆθος
1193 3471 1279 3534 διοί-

324 3590 376 3642 σει
395 3567 435 3640 τά
455 3574 689 3661 πεπραγμένα,
708 3574 741 3651 ἐς
758 3568 799 3641 τὰ
815 3570 1040 3662 στρατόπεδον
1063 3570 1174 3663 δρόμφ
1195 3565 1277 3639 ἀνα·
1296 3590 1322 3632 8⁰

322 3673 530 3767 χωρήσαντες
549 3674 655 3754 πάσας
677 3674 784 3756 πύλας
811 3702 847 3745 τε
873 3677 930 3744 καὶ
950 3674 1101 3754 εἰσόδους
1120 3671 1277 3743 ἀποκλεί-

317 3800 438 3869 σαντες
445 3774 539 3862 ἐντὸς
551 3785 679 3868 τείχους
692 3785 822 3870 ἔμενον,
834 3777 985 3871 φρουράς
994 3781 1048 3850 ἐπὶ
1057 3783 1125 3848 τῶν
1138 3776 1279 3868 πύργων
