3134 4367
347 440 388 503 20
700 400 704 413 ’
736 442 914 504 ΠνανοΝ

347 612 432 705 ἀρχή
446 612 586 683 ἑκάστου
600 618 710 699 ἔτους,
726 609 910 705 ὡρισμένης
929 609 1070 706 ἡμέρας,
1091 616 1189 704 μητρὶ
1211 617 1305 682 θεῶν

349 716 485 806 πομπήν
497 722 630 786 τελοῦσι
646 712 813 805 Ῥωμαῖοι·
836 720 892 787 καὶ
913 718 1021 788 πόντα
1043 714 1104 787 ὅσα
1124 713 1202 806 παρ’
1227 715 1302 785 ἑκό·

349 842 438 901 στοις
451 821 598 890 πλούτου
612 820 763 909 σύμβολα
776 820 930 910 κειμήλιό
945 849 981 891 τε
994 824 1160 910 βασιλέων
1173 817 1255 908 ύλης
1267 845 1304 887 τε

348 920 370 1015 ή
383 927 499 1012 τέχνης
511 924 684 1014 θαύματα,
701 930 759 1013 τής
772 931 858 995 θεοῦ
871 924 1111 1013 προπομπεύει.
1140 922 1255 1003 ἀνετός
1268 949 1304 991 τε

349 1033 431 1098 πᾶσι
451 1031 583 1097 δέδοται
603 1030 735 1110 ἐξουσία
761 1034 975 1117 παντοδαπῆς
995 1034 1146 1113 παιδιᾶς,
1159 1025 1335 1104 ’ἔκαστόςε

348 1159 385 1203 τε
404 1128 422 1200 ό
442 1131 598 1219 βούλεται
617 1136 724 1219 σχῆμα
744 1126 979 1222 ὑποκρίνεται·
1003 1128 1082 1200 οὐδ’
1105 1137 1196 1200 ἔστιν
1216 1127 1305 1198 οὕτω

349 1238 432 1324 μέγα
445 1230 466 1322 ή
481 1237 648 1324 ἐξαίρετον
661 1231 806 1323 ἀξίωμα,
821 1232 841 1304 ό
860 1233 903 1325 μή
925 1237 1025 1304 παντὶ
1044 1240 1090 1327 τῷ
1110 1234 1305 1324 βουλομένῳ

348 1336 570 1427 ἀμφιεσθέντι
590 1332 732 1427 ύπόρχει
748 1341 865 1420 παῖξαί
880 1366 916 1408 τε
935 1340 992 1407 καὶ
1005 1338 1131 1427 κρύψαι
1145 1334 1207 1426 τήν
1224 1333 1304 1424 ἀλή-

349 1453 465 1526 θειαν,
480 1436 525 1520 ως
538 1436 582 1528 μή
597 1443 722 1533 ῥᾳδίως
739 1447 924 1530 διαγνῶναι
944 1441 1003 1511 τόν
1016 1469 1052 1511 τε
1072 1438 1153 1510 όντα
1172 1441 1228 1509 καὶ
1247 1436 1306 1507 τὸν

319 1542 566 1636 δμιμούμευον.
619 1548 712 1627 ἔδοξε
734 1543 775 1633 δή
796 1551 843 1637 τῷ
863 1547 1031 1637 Ματέρνμ
1058 1541 1171 1632 καιρός
1193 1542 1304 1631 ε’πιτή-
1324 1566 1349 1605 1⁰

351 1654 440 1726 δειος
455 1646 541 1716 εἶναι
559 1650 593 1727 ές
611 1645 649 1717 τό
662 1646 724 1737 τήν
738 1647 922 1738 ἐπιβουλήν
941 1658 1078 1718 λαθεῖν·
1104 1646 1224 1735 ήλπισε
1244 1644 1307 1733 γάρ

350 1748 450 1830 αύτός
462 1778 498 1819 τε
513 1748 692 1840 ἀναλαβών
704 1749 742 1820 τό
752 1758 820 1821 τοῖν
832 1751 1033 1844 δορυφόρων
1046 1756 1152 1839 σχήμα
1162 1750 1217 1817 καί
1228 1746 1308 1828 τούς

350 1853 415 1926 σύν
428 1849 519 1945 αύτῷ
533 1850 671 1933 ὁπλίσας
681 1849 811 1941 ὁμοίως,
820 1852 980 1944 ἀναμίξας
993 1882 1029 1923 τε
1041 1860 1088 1948 τῷ
1102 1852 1226 1941 πλήθει
1240 1858 1308 1921 τῶν

351 1956 567 2045 αἰχμοφόρων
579 1958 705 2045 καὶτής
723 1964 855 2046 πομπῆς
874 1959 1048 2047 νομισθείς
1068 1960 1183 2047 μέρος,
1204 1962 1306 2044 μηδε-

351 2061 409 2140 νός
440 2086 476 2127 τε
504 2063 822 2148 προφυλαττομένου
848 2067 1027 2149 αἰφνιδίως
1053 2057 1221 2129 ἐπιπεσών
1247 2057 1307 2128 τόν
1327 2076 1350 2115 ¹5

321 2163 533 2251 ίΚόμμοδον
557 2162 812 2254 διαχρήσασθαι.
863 2161 947 2234 ἀλλά
972 2170 1152 2253 προδοσίας
1170 2166 1307 2251 γενομέ-

227 2274 232 2282 “
351 2295 427 2355 νης,
441 2267 497 2334 καὶ
510 2271 614 2335 τινων
626 2271 695 2335 τῶν
707 2263 772 2335 σόν
785 2263 875 2359 αὐτῷ
889 2268 1189 2357 προκατελθόντων
1202 2269 1235 2345 ε’ς
1248 2264 1310 2354 τήν

352 2369 453 2440 πόλιν
471 2370 528 2437 καί
546 2366 608 2456 τὴν
629 2367 813 2457 ἐπιβουλήν
834 2370 1062 2440 κατειπόντων
1082 2368 1226 2457 (φθόνος
1245 2368 1309 2456 γὰρ

353 2470 476 2552 αὐτούς
489 2475 523 2551 ἐς
535 2477 633 2541 τούτο
647 2472 863 2562 παρώξυνεν,
883 2480 914 2542 εί
934 2471 975 2562 δή
997 2479 1136 2562 ἔμελλον
1153 2468 1228 2540 ἀντὶ
1247 2481 1307 2560 λη-

354 2583 435 2648 στού
454 2574 619 2665 δεσπότην
638 2577 726 2657 ἕξειν
751 2578 808 2645 καὶ
826 2579 989 2664 βασιλέα),
1013 2578 1093 2665 πρὶν
1113 2578 1228 2644 ἐλθεῖν
1246 2573 1309 2664 τήν
1326 2598 1352 2637 ’ω

354 2678 472 2770 ἑορτὴν
489 2675 588 2759 αύτός
601 2705 637 2748 τε
656 2674 674 2748 ό
695 2678 873 2771 Μάτερνος
892 2681 1101 2769 συλληφθεὶς
1118 2675 1181 2767 τήν
1202 2705 1307 2767 κεφα·

353 2783 417 2872 λήυ
430 2780 606 2871 ἀπετμήθη
619 2784 676 2851 καὶ
689 2788 723 2851 ολ
739 2784 928 2872 συνωμόται
942 2781 1033 2865 ἀξίας
1045 2778 1189 2869 ἀπέσχον
1204 2788 1308 2861 δίκας.

353 2883 372 2955 ό
386 2886 423 2955 δὲ
436 2884 612 2972 Κόμμοδος
624 2885 734 2965 θύσας
746 2913 781 2954 τε
795 2893 835 2975 τῇ
848 2893 920 2980 θεῷ
937 2888 993 2955 καλ
1013 2886 1208 2976 χαριστήρια
1228 2881 1307 2972 ὁμο-

354 2987 495 3077 λογήσας
508 2985 571 3076 τήν
590 2985 708 3076 ἑορτήν
722 2990 882 3074 ἐπετέλει,
897 2990 1093 3078 παρέπεμπέ
1103 3016 1139 3058 τε
1152 2986 1213 3077 τήν
1227 2986 1310 3057 θεὸν

354 3099 490 3183 χαίρων.
517 3091 574 3158 καὶ
587 3088 733 3178 σωτήρια
747 3096 808 3160 τού
820 3094 983 3180 βασιλέως
1001 3088 1020 3162 ὁ
1043 3099 1145 3183 δήμος
1159 3090 1240 3181 μετά
1252 3097 1310 3180 τῆς
1326 3119 1351 3159 νι

357 3199 472 3285 ἑορτής
486 3191 735 3282 έπανηνύριζεν.

310 3298 343 3357 ll
458 3296 685 3386 θρησκεύουσι
712 3297 749 3366 δὲ
769 3297 909 3386 μάλιστα
929 3296 991 3387 τήν
1010 3295 1094 3368 θεόν
1113 3296 1213 3386 τήνδε
1233 3293 1308 3366 Ῥω-

358 3417 450 3493 μαῖοι
464 3403 497 3483 ἐξ
517 3407 624 3481 αίτίας
642 3400 812 3490 τοιαύτης,
835 3397 879 3482 ὦς
898 3406 1027 3494 ίστορίηι
1046 3400 1310 3489 παρειλήφαμεν,

357 3498 397 3597 ής
410 3509 657 3594 έπιμνησθήναι
671 3508 763 3588 ἔδοξε
780 3502 837 3574 διό
856 3502 918 3593 τήν
937 3501 1016 3596 παρ’
1035 3500 1203 3591 Ἑλλήνων
1222 3507 1311 3573 τισὶν

358 3608 539 3698 ἀγνωσίαν.
566 3605 647 3677 αύτό
661 3608 723 3697 μὲν
736 3606 773 3677 τό
788 3606 918 3696 ἀγαλμα
932 3606 1076 3685 διιπετὲς
1090 3605 1176 3674 εἶναι
1190 3609 1307 3695 λέγον·
1327 3639 1354 3680 ω

357 3735 432 3799 σιν,
445 3709 524 3782 ούτε
537 3712 575 3781 δὲ
587 3710 649 3800 τήν
667 3707 754 3799 ύλην
774 3707 851 3780 ούτε
868 3716 1027 3799 τεχνιτῶν
1045 3705 1135 3789 ὅστις
1155 3712 1312 3799 ἐποίησεν

206 3871 210 3908 ;,
331 3815 568 3901 εθνωσμεθον,
582 3811 668 3885 νύδδ
679 3813 834 3898 ψαυστόν
846 3812 954 3909 χειρὸς
967 3810 1193 3903 ἀνθρωπίνης.
1212 3820 1311 3884 τοῦτο
