3134 4367
674 444 887 494 PRAEFATIO.
1238 451 1290 500 VH

258 597 417 676 genuinam
438 604 557 658 servent
576 597 730 678 scriptoris
750 615 865 660 manum
885 617 1008 680 prorsus
1027 600 1150 664 dubitari
1174 607 1285 685 nequit.

261 681 347 758 Quod
356 682 401 743 ad
417 681 564 743 scribendi
577 684 710 744 minutias
726 684 838 759 attinet,
855 703 893 744 ex
907 685 1030 745 unanimi
1045 687 1108 747 lere
1124 689 1286 752 innumero·

259 785 324 828 111111
340 767 475 828 locorum
487 777 632 828 consenso
647 770 675 828 in
694 767 745 828 ΑΒ
761 771 923 848 conspicuo
939 770 1070 831 intellexi
1086 771 1285 836 Onosandrum

260 853 289 912 in
306 853 442 912 oratione
458 861 599 931 perpetua
616 852 820 931 apostropbo,
835 872 897 913 non
911 854 1013 931 biotae,
1030 874 1112 915 usum
1127 876 1195 918 esse
1214 877 1284 939 pan·

260 937 304 998 cis
319 934 492 1016 quibusdam
508 940 659 1017 exceptis,
677 955 798 1016 quornm
813 938 954 999 radonem
971 938 1096 999 reddere
1111 941 1225 1002 facilius
1238 953 1285 1005 est

261 1038 348 1100 quarn
370 1019 512 1082 redditam
533 1022 739 1100 comprobare.
770 1021 825 1081 Hic
847 1040 964 1101 qnoque
987 1026 1075 1100 igitur
1096 1024 1215 1086 codices
1235 1047 1282 1088 se·

260 1103 396 1184 qnendos
412 1103 479 1165 duxi
496 1106 551 1183 ita,
574 1115 604 1164 nt
619 1105 703 1166 locos
719 1105 877 1185 quosdam,
899 1108 948 1167 ubi
967 1108 1022 1168 sibi
1043 1110 1099 1186 ipsi
1115 1128 1283 1189 repugnare

258 1187 444 1267 viderentur,
463 1189 497 1249 ad
518 1199 684 1250 ceterorum
701 1190 889 1250 multitudinis
905 1210 1031 1253 normam
1049 1202 1198 1253 rnutarem.
1232 1194 1282 1255 Ti-

254 1271 357 1352 actm,
386 1290 461 1352 qnos
477 1290 599 1354 prorsus
614 1274 719 1334 omittit
735 1273 758 1333 B
774 1276 839 1335 fere
853 1277 958 1336 retinet
974 1277 1013 1354 Α,
1043 1295 1211 1357 quiunquam
1227 1297 1285 1340 nec

258 1376 313 1420 eos
334 1375 391 1417 neo
413 1360 537 1438 capitum
558 1357 778 1437 dispositionem
803 1359 965 1420 intervallis
980 1370 1087 1420 tantum
1105 1380 1160 1421 nec
1176 1362 1283 1441 ubique

259 1441 377 1524 quidem
399 1442 429 1501 in
456 1442 501 1501 lris
523 1442 673 1503 codicibus
690 1443 842 1504 indicatam
858 1443 893 1503 ab
912 1446 976 1522 ipso
997 1456 1118 1505 auctore
1141 1447 1284 1524 originem

258 1528 387 1587 traxisse
397 1526 460 1601 jam
474 1525 618 1604 Rigalt-ius
633 1527 796 1604 admonuit,
813 1537 842 1586 et
860 1529 924 1607 ipse
942 1531 1074 1607 servavi,
1098 1549 1133 1588 ne
1149 1532 1216 1608 qnid
1232 1531 1282 1590 de·

259 1629 328 1672 esse
343 1610 510 1688 videretur,
526 1609 594 1689 sed,
612 1629 649 1671 ne
669 1613 714 1671 cui
729 1611 860 1671 fraudem
875 1611 1023 1687 lacerent,
1041 1615 1150 1673 uncinis
1167 1615 1280 1675 inclusi.

319 1694 353 1755 In
369 1699 619 1756 comanentorlum
641 1696 783 1756 criticum
801 1695 926 1774 denique
953 1696 1086 1756 codicum
1108 1717 1165 1758 non
1189 1699 1282 1759 solum

257 1795 390 1840 meorum
414 1798 478 1839 cnm
502 1779 682 1858 pulvisculo,
714 1789 745 1839 ut
778 1780 874 1855 ajunt,
914 1798 1105 1841 excussorum
1137 1783 1281 1842 lectiones

257 1865 346 1924 etiam
366 1864 571 1924 minutissimas
591 1883 628 1923 ne
650 1881 749 1924 manus
777 1857 925 1924 s‘ecundae
951 1865 1067 1942 quidem
1088 1865 1204 1944 ineptiis
1229 1885 1279 1926 ex·

258 1948 355 2028 ceptis
371 1949 488 2026 recepi,
506 1948 661 2008 sedetiam
680 1957 844 2008 ceterorum
863 1958 1034 2027 quotquota
1049 1950 1197 2029 prioribus
1210 1969 1279 2010 eno·

256 2041 331 2094 tatas
354 2032 452 2091 inveni
475 2030 635 2092 editoribus
657 2033 817 2110 scripturas
838 2033 941 2093 sedulo
968 2034 1110 2093 collectas
1136 2036 1278 2112 religiose

257 2117 415 2194 congessi,
432 2116 518 2176 etiam
533 2125 629 2176 textus
644 2116 800 2193 Rigaltiani
817 2115 1027 2195 discrepantias
1044 2120 1158 2178 omissis
1173 2127 1278 2196 tamen,

257 2200 363 2280 quibus
385 2198 436 2260 ille
458 2209 567 2275 scatet,
589 2200 757 2279 sphalmatis
778 2201 1010 2280 typographicis.
1047 2201 1079 2261 ln
1104 2220 1140 2261 eo
1156 2205 1277 2280 negotio

256 2284 466 2346 molestissimo
483 2302 540 2362 quo
556 2284 622 2363 plus
637 2284 724 2343 taedii
737 2285 865 2363 bonique
881 2287 1022 2364 temporis
1038 2290 1220 2365 consumpsi,
1239 2304 1276 2347 eo

255 2369 350 2446 magis
367 2386 461 2427 meum
477 2386 545 2428 esse
559 2370 657 2449 putavi
678 2370 753 2429 hunc
769 2369 918 2429 exantlare
936 2367 1083 2445 laborem,
1101 2389 1138 2429 ne
1154 2373 1219 2448 quis
1235 2370 1279 2430 rei

256 2453 378 2514 criticae
401 2470 488 2512 cansa
512 2451 548 2512 ad
568 2461 686 2513 veteres
707 2453 849 2513 editiones
867 2451 1054 2529 regrediendi
1073 2456 1278 2513 necessitatem

254 2535 388 2600 baberet.
424 2536 569 2596 Interdum
588 2538 673 2596 etiam
702 2537 871 2615 speciminis
897 2536 965 2595 loco
991 2535 1279 2613 interpretationum

254 2620 441 2686 menarum
457 2622 596 2680 rationem
611 2621 709 2696 habui,
732 2638 851 2698 querum
866 2621 986 2697 primam
1001 2619 1089 2678 multo
1105 2629 1171 2679 ante
1186 2619 1277 2680 verba

256 2705 370 2768 Graeca
391 2723 408 2765 a
430 2704 559 2781 Rigaltio
584 2705 721 2781 evulgata
744 2701 898 2764 Nicotaus
926 2702 1118 2781 Saguntinus
1143 2721 1168 2762 a.
1197 2703 1278 2764 1494

255 2787 368 2850 liomae
391 2789 550 2869 publicavit
571 2790 688 2867 saepius
710 2797 815 2867 postea
837 2788 990 2866 repetitam
1007 2821 1048 2831 -—
1068 2787 1203 2866 equidem
1218 2787 1278 2848 edi·

253 2875 363 3018 q'oneun
388 2871 475 2934 babni
502 2871 651 2933 Basileoc
673 2891 700 2933 a.
732 2872 809 2932 1541
834 2873 1004 2950 impressam
1024 2904 1083 2950 -,
1114 2872 1233 2932 alteram
1260 2889 1278 2932 a

277 2956 420 3020 oacbs‘mo
447 2955 633 3018 Camerario
664 2957 829 3017 conlectam
855 2956 945 3036 patris
982 2966 1200 3035 postmortem
1227 2957 1277 3016 lilii

254 3040 455 3120 Noriberpae
473 3059 499 3100 a.
519 3041 599 3101 1595
616 3040 778 3105 ediderunt.
811 3039 969 3101 Codicibus
984 3041 1028 3099 nsi
1050 3050 1115 3101 sunt
1140 3050 1276 3119 uterque,

253 3125 304 3187 ille
331 3125 449 3204 quidem
470 3125 594 3184 meliore
620 3136 648 3185 et
672 3125 803 3204 pleniore
829 3125 880 3185 sed
903 3124 1037 3185 licentius
1058 3123 1134 3185 baud
1156 3143 1224 3185 raro
1247 3133 1278 3185 et

254 3211 434 3288 imperitius,
456 3210 505 3269 hic
521 3227 592 3269 vero
612 3210 682 3269 satis
700 3218 838 3288 corrupto
856 3219 885 3269 et
900 3210 1054 3287 lacunoso,
1073 3210 1155 3285 cujus
1172 3207 1276 3270 menda

255 3293 449 3373 deiectusque
473 3293 577 3354 callida
600 3293 746 3371 elegantia
769 3293 913 3371 obtegere
929 3293 1016 3352 solet.
1058 3292 1117 3353 Sed
1138 3303 1168 3353 ut
1190 3296 1277 3355 etiam

255 3377 418 3440 Onosandri
433 3378 518 3437 locos
534 3396 550 3437 a
565 3375 667 3438 Leone
680 3379 858 3456 imperatore
875 3376 1122 3455 impudentissimo
1135 3379 1275 3456 antiquio-

254 3481 314 3524 rum
329 3463 516 3523 'lecticorum
531 3463 675 3541 plagiario
698 3462 864 3538 exscriptos
881 3460 1043 3538 laudarem,
1062 3463 1116 3532 nisi
1132 3461 1179 3520 ubi
1193 3477 1276 3540 pror·

256 3565 303 3607 sus
326 3547 528 3608 necessarium
548 3547 708 3621 videretur,
742 3547 900 3621 impetrare
924 3562 1002 3604 ame
1023 3563 1081 3605 non
1104 3545 1194 3622 potui.
1237 3543 1277 3604 Ut

257 3632 330 3692 eninr
348 3629 499 3709 prioribus
513 3630 619 3708 aliquis
633 3630 722 3690 luerit
748 3627 955 3711 compilatoris
976 3648 1052 3690 usus
1072 3625 1242 3688 1111111111
1254 3623 1301 3712 ‘ab

245 3713 423 3774 emendanda
444 3716 575 3775 auctoris
599 3715 695 3779 uerba
731 3735 920 3801 quamquam
940 3717 1131 3801 plerumque
1147 3708 1190 3767 ab
1206 3703 1270 3760 *ibbo
1288 3715 1330 3753 w
