3134 4367
661 437 882 497 ΠΕΜΠΤΟΝ
1192 434 1252 497 127

297 614 369 700 ἰδίφ
389 608 546 697 κτήματι·
567 612 603 677 οἰ
617 608 655 678 δὲ
672 604 755 696 παρ’
773 604 871 697 ὑμῶν
887 606 1045 699 λαβόντες
1064 607 1196 699 χάριτός
1216 637 1252 678 τε

295 710 405 782 ἀιδίου
422 714 486 781 εἰσί
500 718 661 801 χρεῶσται
679 714 735 781 καί
749 717 932 801 πειρῶνται
952 708 1158 799 ἀμείψασθαι
1173 710 1251 794 τούς

295 813 501 904 εὐεργεσίαις
514 816 769 904 προειληφότας.
810 817 866 884 καὶ
884 823 951 885 τῶν
964 815 1027 902 μὲν
1041 812 1251 905 εὐπατριδῶν
1265 826 1282 881 7

293 919 460 1007 βασιλέων
486 917 523 987 τὸ
548 914 683 1007 εὐγενὲς
709 921 742 999 ἐς
766 914 955 1007 ὑπεροψίαν
978 922 1127 987 ἐκπίπτει
1150 945 1249 987 κατα-

272 1044 282 1084 ⁵
294 1020 458 1112 φρονήσει
472 1029 540 1090 τῶν
555 1018 716 1109 ὑπηκόων
730 1017 775 1103 ῶς
789 1021 877 1091 πολὺ
892 1020 1095 1092 ἐλαττόνων·
1117 1025 1152 1088 os
1164 1020 1201 1089 δὲ
1214 1024 1251 1089 ἐκ

292 1131 437 1214 μετρίων
450 1124 604 1213 πράξεων
617 1126 780 1194 ἐπὶτοῦτο
795 1125 952 1206 ἐλθόντες
962 1126 1179 1213 περιέπουσιν
1188 1118 1252 1192 αὐ-

293 1228 327 1297 τὸ
343 1224 389 1307 ῶς
408 1228 543 1319 καμάτφ
558 1230 700 1316 κτηθέν,
715 1234 800 1297 αἰδῶ
815 1256 850 1297 τε
867 1231 924 1298 καί
943 1227 1042 1317 τιμην
1063 1224 1251 1313 ἀπονέμου-

292 1354 364 1419 σιν,
379 1326 423 1419 ἣν
438 1330 622 1418 εἰώθεσαν,
640 1348 709 1412 τοῖς
723 1331 802 1401 ποτδ
816 1339 1012 1420 κρείττοσιν.
1033 1332 1105 1418 έμοί
1120 1329 1157 1398 δέ
1171 1350 1250 1397 σκο-
1265 1340 1285 1393 8

293 1432 353 1515 πὸς
370 1436 477 1521 μηδέν
498 1463 530 1502 τι
553 1434 711 1522 πράττειν
735 1432 818 1503 ἀνευ
842 1441 899 1522 τῆς
921 1431 1082 1525 ὑμετέρας
1105 1432 1250 1521 γνώμης,

261 1552 281 1591 ¹⁰
292 1538 477 1618 κοινωνούς
490 1564 525 1605 τε
544 1539 601 1606 καὶ
617 1537 830 1627 συμβούλους
843 1544 931 1626 ἐχειν
945 1546 1002 1626 τῆς
1015 1544 1083 1606 τῶν
1097 1535 1251 1624 πραγμά-

291 1669 359 1710 των
382 1640 587 1728 διοικήσεως.
634 1638 729 1729 ὑμεῖς
751 1641 790 1710 δέ
816 1644 853 1709 ἐν
876 1638 972 1732 άδείηι
993 1641 1050 1709 καί
1071 1642 1251 1730 ἐλευθερίη

291 1742 474 1832 βιώσεσθε,
498 1734 546 1812 ώυ
565 1741 759 1833 ἀφῃρέθητε
778 1743 841 1832 μὲν
861 1740 927 1813 ὑπὸ
948 1749 1016 1812 τῶν
1038 1740 1250 1829 εὐπατριδῶν

291 1849 473 1935 βασιλέων,
489 1843 677 1916 ἀποδοῦναι
691 1847 729 1916 δέ
746 1843 828 1935 ὑμῖν
843 1847 1071 1936 ἐπειράθησαν
1084 1844 1249 1933 πρότερον

292 1950 352 2038 μὲν
358 1950 502 2039 Μάρκος
512 1945 654 2039 ὕστερον
668 1951 706 2020 δέ
718 1953 894 2040 Περτίναξ,
907 1954 939 2033 ἐξ
956 1956 1132 2020 ἰδιωτικῶν
1142 1968 1250 2035 σπαρ-

257 2069 276 2111 ¹5
292 2054 406 2141 γάνων
419 2054 474 2121 ἐπὶ
488 2061 587 2122 τοῦτο
603 2052 769 2135 ἐλθόντες.
786 2056 906 2142 γένους
916 2052 978 2143 γάρ
995 2054 1131 2135 ἔνδοξον
1145 2048 1250 2141 ἀρχὴν

291 2154 396 2226 αὐτὸν
409 2171 592 2243 παρασχεῖν
605 2158 661 2225 καί
674 2164 720 2249 τῷ
734 2153 862 2249 ὑστέρφ
873 2160 962 2246 γένει
978 2153 1115 2245 ἀμεινου
1125 2150 1147 2244 η’
1157 2158 1250 2235 κλέος

291 2259 495 2348 προγονικὸν
515 2261 817 2349 παραλαμβάνοντα
838 2260 964 2350 τρόπου
983 2259 1168 2350 φαυλότητι
1186 2286 1248 2326 κα-

291 2358 492 2450 ταισχύναι.”

258 2545 265 2558 ·
394 2463 668 2554 ἀναγνωσθείσης
684 2465 722 2536 δὲ
739 2471 797 2553 τῆς
815 2465 968 2554 τοιαύτης
983 2468 1172 2552 ἐπιστολῆς,
1188 2460 1278 2533 εὐ-2

257 2588 279 2629 θ
295 2585 400 2657 φημεί
411 2596 447 2637 τε
461 2566 566 2638 αὐτὸν
580 2566 600 2656 ἡ
614 2568 799 2657 σύγκλητος
808 2571 864 2637 καί
872 2567 929 2649 τάς
941 2575 1142 2655 σεβασμίους
1155 2564 1250 2653 τιμάς

292 2672 396 2753 πάσας
417 2679 604 2761 ψηφίζεται.
645 2667 707 2757 οὐχ
727 2667 816 2740 οὕτω
841 2670 878 2741 δὲ
899 2667 1063 2758 εὐφραιυε
1083 2669 1208 2748 πάντας
1228 2665 1248 2756 ἡ

291 2782 474 2864 Μακρίνου
489 2771 643 2862 διαδοχή,
666 2770 710 2854 ῶς
730 2768 939 2863 ὑπερήδουτό
952 2800 988 2841 τε
1006 2775 1063 2842 καί
1083 2774 1249 2859 πανδημεὶ
1357 2800 1360 2805 ·

292 2880 454 2967 ἑώρταζον
474 2880 529 2947 ἐπὶ
550 2886 589 2968 τῇ
607 2874 809 2947 Ἀντωνίνου
831 2874 1015 2967 ἀπαλλαγῇ.
1057 2875 1191 2956 ἕκαστός
1213 2904 1248 2945 τε

293 2978 390 3073 ᾤετο,
405 2980 546 3068 μάλιστα
560 2988 628 3050 τῶν
641 2983 678 3050 ἐν
691 2977 824 3063 ἀξιώσει
837 2975 934 3069 τινίἢ
943 2979 1059 3069 πράξει
1074 2980 1247 3049 καθεστώ-

254 3108 278 3150 ω
293 3111 378 3173 των,
401 3087 496 3173 ξίφος
516 3082 754 3154 ἀποσεσείσθαι
775 3099 843 3166 τοῖς
862 3080 999 3171 αὐχέσιν
1019 3081 1248 3172 ἐπαιωρούμε-

292 3215 363 3257 νον.
392 3187 601 3274 συκοφάνται
614 3215 650 3257 τε
663 3182 686 3276 ἢ
700 3193 831 3275 δοῦλοι,
852 3184 924 3258 ὅσοι
946 3186 1106 3267 δεσπότας
1122 3186 1245 3274 κατήγ-
1262 3204 1278 3255 2

292 3293 409 3380 γελου,
425 3287 774 3378 ἀνεσκολοπίσθησαν·
793 3287 816 3379 ἥ
835 3317 870 3361 τε
885 3287 1055 3379 Ῥωμαίων
1074 3288 1169 3371 πόλις
1190 3292 1246 3359 καί

291 3390 414 3482 σχεδὸν
429 3400 518 3463 πᾶσα
532 3390 553 3482 ἡ
567 3391 632 3463 ὑπὸ
649 3390 828 3481 Ῥωμαίους
841 3396 1020 3481 οἰκουμένη
1034 3403 1246 3481 καθαρθεῑσα

290 3503 453 3586 πονηρῶν
469 3493 679 3585 ἀνθρώπων,
695 3504 763 3565 τῶν
781 3496 844 3584 μέν
863 3499 1100 3566 κολασθέντων
1121 3502 1189 3565 τῶν
1210 3495 1248 3564 δὲ

251 3618 277 3661 ³⁰
293 3602 526 3687 ἐξωσθέυτωυ,
548 3606 580 3669 εἰ
598 3601 638 3667 δέ
655 3626 743 3679 τινες
761 3601 819 3668 καί
836 3605 976 3686 ἔλαθον,
999 3596 1045 3668 δι’
1070 3594 1249 3684 εὐλάβειαν

290 3699 542 3792 ἡσυχαζόντων,
557 3706 594 3772 ἐν
616 3698 712 3794 ἀδείᾳ
727 3707 833 3791 πολλῇ
852 3704 908 3771 καί
928 3702 1032 3772 εἰκόνι
1053 3704 1248 3785 ἐλευθερίας

290 3810 438 3894 ἐβίωσαν
451 3809 582 3877 ἐκείνου
592 3811 652 3878 τού
667 3812 762 3889 ἔτους
775 3796 819 3877 οὗ
834 3801 976 3898 μόνουὺ
993 3813 1178 3892 Μακρῖνος
1188 3801 1274 3882 ἔθεε·
