3134 4367
688 402 847 465 μενον
913 382 917 390 ’
1088 423 1092 431 ·
1201 409 1256 471 ιω

295 572 513 661 ἐξεθειάσθη
533 570 606 663 ἡδὲ
625 580 793 663 Μαμμαία
810 574 896 664 μόνη
917 603 964 664 ιφ
950 580 1079 647 παιδὶ
1099 588 1254 651 καταλει-
1266 603 1283 655 5

296 687 425 765 φθείσα
445 672 568 765 ὁμοίως
580 674 688 747 αύτού
702 675 819 804 ἄρχειν
830 706 867 748 τε
879 680 936 748 καὶ
944 696 1079 767 κρατεῖν
1091 686 1254 775 ἐπειρᾶτο.

295 778 362 913 ἤδη
379 807 417 849 τε
437 774 549 869 ὁρῶσα
566 778 642 850 ἐν’
624 788 708 872 αρχῇ
729 780 789 851 τόν
808 778 886 851 νίόν
904 789 1043 853 νεανίαν
1061 788 1254 879 γενόμενον,

295 910 353 953 και
341 881 595 953 δεδοικυῖα
555 912 600 971 μη
614 880 680 974 άρα
693 882 808 973 ἡλικία
821 881 1044 973 άκμάζουσα’
1011 890 1255 1017 υπηρετούσης

265 1022 280 1061 s
297 983 411 1067 άδείας
423 1014 459 1056 τε
479 988 536 1055 καὶ
551 990 700 1069 ἐξουσίας
714 994 748 1068 ές
767 1015 800 1057 τι
820 995 888 1057 τῶν
901 996 1047 1077 γενικῶν
1061 986 1254 1081 άμαρτημά·

295 1118 364 1159 των
377 1091 542 1180 ἐξοκείλη,
558 1091 770 1178 πανταχόθεν
783 1090 993 1180 ἐφρούρει
958 1120 1019 1180 την
1033 1090 1159 1183 αύλήν,
1174 1092 1258 1166 ούδέ

294 1220 370 1262 τινα
386 1202 438 1262 εία
451 1196 670 1287 προσιέναι
638 1200 685 1263 τά
705 1201 867 1318 μειρακίῳ
888 1202 956 1264 τῶν
976 1198 1031 1265 ἐπὶ
1050 1197 1171 1291 φαύλια
1190 1206 1255 1291 βίφ

295 1299 580 1385 διαβεβλημένων,
595 1296 640 1385 μή
654 1323 725 1378 πως
744 1295 781 1367 τὸ
796 1287 881 1386 ἦθος
899 1303 1118 1389 διαφθαρείη,
1127 1326 1256 1391 προκα

296 1402 490 1487 λεσαμένων
503 1396 609 1469 αύτού
622 1406 690 1469 τοῖν
703 1401 857 1470 κολάκων
871 1397 929 1481 τὰς
949 1398 1074 1490 ὀρέξεις
1088 1400 1255 1493 ἀκμαζού-

258 1530 279 1570 ιο
294 1522 354 1583 σας
368 1506 403 1583 ἐς
415 1532 437 1572 α
439 1500 552 1591 ίσχράς
570 1506 761 1591 ἐπιθυμίας.
814 1503 961 1587 δικάζειν
981 1510 1040 1589 [τε]
1065 1496 1128 1576 ούν
1146 1536 1252 1578 αντον
1266 1520 1284 1575 6

294 1612 411 1676 ἔπειθε
423 1608 646 1693 συνεχέστατα
659 1608 715 1674 καί
728 1607 783 1676 ἐπὶ
796 1610 953 1676 πλεῖστον
970 1614 1028 1691 τῆς
1046 1603 1185 1698 ἡμέρας,
1209 1607 1254 1692 ὦς

294 1704 336 1778 ἂν
350 1706 596 1797 ἀσχολούμενος
616 1710 694 1797 περὶ
714 1707 755 1777 τά
774 1716 948 1797 κρείττονα
967 1711 1023 1780 καὶ
1041 1719 1082 1801 τῇ
1100 1720 1254 1806 βασιλείᾳ

294 1808 459 1901 ἀναγκαία
482 1810 527 1901 μὴ
550 1819 618 1899 ἔχοι
639 1809 761 1901 καιρόν
784 1816 818 1894 ἐς
839 1810 877 1882 τό
899 1813 1109 1903 ἐπιτηδεύειν
1130 1843 1163 1886 τι
1184 1824 1253 1887 τῶν

293 1912 546 2005 ἁμαρτημάτων.
567 1911 695 2005 ύπηρχε
709 1917 750 1985 δέ
765 1944 797 1985 τι
809 1918 866 1986 καὶ
880 1913 1027 2004 φυσικὸν
1044 1906 1131 2005 ἦθος
1143 1925 1253 2010 πρᾶον

258 2021 349 2089 τεκαὶ
371 2015 499 2108 ἥμερον
522 2024 568 2111 τῷ
584 2014 789 2112 Ἀλεξάνδρφ
816 2026 850 2101 ές
877 2047 913 2089 τε
939 2018 976 2090 τό
1005 2021 1252 2113 φιλάνθρωπον

292 2122 382 2192 πάνυ
400 2123 592 2211 ἐπιρρεπές,
608 2116 652 2202 ὡς
671 2121 818 2210 ἐδήλωσε
835 2125 892 2193 καὶ
906 2130 963 2212 τῆς
975 2120 1106 2212 ἡλικίας
1118 2151 1252 2215 προχω-

292 2224 427 2314 ρούσης.
480 2229 514 2307 ές
527 2229 887 2316 τεσσαρεσκαιδέκατον
896 2234 980 2314 χούν
993 2226 1112 2308 ἐλάσας
1120 2234 1178 2317 τῆς
1187 2237 1251 2318 βα·
1263 2247 1280 2301 7

292 2336 419 2409 σιλείας
433 2334 505 2410 ἔτος
519 2324 682 2416 άναιμωτὶ
694 2318 811 2417 ἧρξεν,
827 2327 911 2399 ούδέ
925 2358 975 2411 τις
989 2358 1005 2399 ε
1007 2337 1097 2401 ίπειν
1109 2329 1212 2419 ἐχει“
1193 2330 1248 2402 υπ’

291 2434 425 2501 ἐκείνου
440 2433 660 2520 φονευθέντα.
700 2439 808 2502 καίτοι
820 2439 923 2502 τινῶν
943 2440 1112 2520 μεγίσταις
1131 2441 1252 2516 αίτίαις

255 2541 278 2611 ω
294 2529 549 2621 ὑποπεσόντων,
570 2530 658 2623 ὅμως
681 2538 839 2622 ἐφείσατο
865 2530 911 2615 ὥς
935 2533 980 2622 μὴ
1003 2541 1183 2659 φονεύσω,
1209 2533 1251 2605 ού

292 2640 418 2729 ῥηιδίως
435 2644 534 2707 τούτο
554 2633 657 2706 άλλου
675 2639 837 2725 βασιλέως
856 2643 924 2705 τῶν
941 2634 1022 2706 καθ’
1046 2632 1132 2724 ἡμᾶς
1150 2638 1251 2727 ποιή-

291 2765 411 2821 σαντος
431 2770 451 2829 η
438 2736 764 2829 παραφυλάξαντος
782 2736 865 2828 μετά
886 2735 947 2827 τὴν
964 2737 1152 2829 Μάρκου’
1133 2742 1249 2830 αρχήν.
1275 2820 1281 2827 ,

290 2839 351 2913 ὑπ’
371 2840 591 2933 Ἀλεξάνδρου
605 2839 638 2913 δ’
658 2839 721 2912 ούκ
735 2839 777 2912 άν
797 2871 846 2922 τις
866 2848 972 2912 εἰπεῖν
993 2850 1061 2930 ἔχοι
1081 2838 1103 2932 6
1122 2872 1252 2934 μνημο-

289 2953 409 3016 νεῦσαι
422 2951 459 3017 ἐν
474 2953 560 3017 ἔτεσι
575 2945 746 3027 τοσούτοις
758 2943 901 3036 άκρίτως
914 2950 1138 3034 φονευθέντα.

253 3083 276 3124 ιτ
395 3047 510 3141 η’χτιᾶτο
532 3048 646 3120 δὲκαὶ
665 3046 726 3138 την
747 3052 872 3139 μητέρα
896 3052 953 3119 καὶ
973 3050 1064 3121 πάνυ
1085 3046 1278 3139 ἦσχαλλενὸ

291 3149 385 3241 δρῶν
409 3150 518 3241 αὐτὴν
545 3144 651 3222 οὖσαν
684 3153 931 3242 φιλοχρήματον
962 3155 1019 3223 καὶ
1045 3156 1124 3243 περὶ
1150 3163 1248 3227 τούτο
1298 3204 1300 3211 1

291 3253 477 3345 ὑπερφυῶς
492 3260 750 3326 ἐσπουδακυῖαν.
763 3259 1035 3382 προσποιουμένη
1048 3255 1112 3346 γάρ
1127 3254 1250 3348 άθροί-

291 3368 361 3443 ζειν
375 3355 462 3429 αύτά
477 3388 532 3429 ινα
548 3365 616 3447 ἔχοι
630 3374 698 3440 τοῖς
711 3353 927 3448 στρατιώταις
940 3355 1101 3447 ἀφθόνως
1114 3363 1172 3430 καὶ
1187 3366 1250 3455 ῥηι-

291 3459 406 3543 δίωςὸ
424 3460 637 3585 Ἀλέξανδρος
650 3469 859 3550 χαρίζεσθαι,
875 3468 945 3553 ίδίη
959 3463 1174 3553 ἐθησαύριζε
1192 3468 1250 3534 και

254 3598 277 3641 τι
294 3567 470 3655 διέβαλλεν
484 3561 595 3635 έσθ’”
576 3591 642 3656 οπη
655 3572 753 3634 τοῦτο
772 3563 835 3652 την
849 3561 970 3654 ἀρχήν,
991 3565 1096 3637 αὐτοῦ
1111 3564 1249 3647 άκοντός

293 3671 399 3740 τεκαὶ
412 3665 631 3757 άσχάλλοντος
649 3664 765 3749 ούσίας
785 3674 888 3738 τινῶν
901 3672 957 3738 καί
977 3674 1197 3759 κληρονομίας
1214 3671 1248 3751 ἐξ

293 3774 449 3861 ἐπηρείας
462 3769 705 3864 ύφαρπασάσης
720 3774 861 3861 ἐκείνης.

325 3906 503 3947 mom.
1081 3880 1124 3941 W
