3134 4367
314 414 355 474 64
411 430 419 442 '
683 414 906 477 ΔΕΥΤΕΡΟΝ

314 610 408 657 σατε·
423 585 483 675 τήν
492 581 661 673 Ῥωμαίων
676 580 781 671 ἀρχήν
795 588 932 667 ἔνδοξον
946 575 1052 655 ούσαν
1069 583 1137 673 ἀεί,
1153 580 1197 673 ήν
1214 588 1271 655 καὶ

315 697 350 760 ολ
361 686 518 781 πρόγονοι
532 684 553 776 ή
569 684 615 757 δι’
633 683 789 776 ἀνδρείας
804 690 962 778 ἐναρέτου
981 689 1159 779 ἐκτήσαντο
1180 683 1202 775 ή
1220 686 1268 756 δι’

316 790 489 883 εὐγένειαν
513 792 720 877 διεδέξαντο,
741 791 867 879 ταύτην
893 799 1033 880 αἰσχρῶς
1061 795 1117 862 καλ
1144 788 1269 879 ἀτίμως

316 894 426 985 ῶσπερ
441 925 471 965 τι
491 902 558 966 τῶν
579 900 756 963 ἰδιωτικῶν
770 902 952 983 κειμηλίων
966 892 1018 965 ἐπ’
1038 892 1190 987 ἀργυρίῳ
1206 923 1269 964 κα-

284 1000 531 1089 Ὶτηλλάξασθε.
590 993 663 1067 ἀλλ’
686 993 760 1066 οὐδ’
785 995 907 1086 αὐτόν,
927 994 967 1068 δν
994 995 1099 1079 οὕτως
1126 996 1297 1088 άρχονταε

315 1110 464 1191 εἵλεσθε,
483 1100 626 1190 φυλάξαι
646 1095 667 1188 ή
690 1107 794 1169 σῶσαι
816 1101 1017 1190 ἐδυνήθητε,
1036 1099 1211 1192 ἀνάνδρως
1233 1102 1270 1170 δέ

314 1207 542 1297 προυδῶκατε.
580 1206 634 1273 ε’πλ
654 1203 861 1291 τηλικούτοις
879 1204 920 1294 δή
936 1201 1147 1293 άμαρτήμασί
1164 1205 1271 1273 τεκαὶ

314 1310 495 1399 τολμήμασι
508 1314 640 1397 μυρίων
653 1304 736 1389 άξιοι
751 1308 920 1395 θανάτων,
936 1305 977 1396 ήν
992 1337 1039 1389 τις
1059 1305 1171 1396 ὁρίσαι
1185 1309 1269 1396 θέλη

313 1412 376 1501 τήν
396 1410 491 1496 ἀξίαν
512 1417 689 1500 τιμωρίαν,
707 1411 788 1481 έστέ.
826 1406 909 1480 άλλά
930 1419 965 1479 τί
982 1412 1043 1500 μέν
1058 1410 1121 1500 χρή
1145 1420 1270 1481 παθεῖν

315 1513 415 1605 ύμάς,
435 1512 550 1606 δρᾶτε·
572 1512 637 1602 έγῶ
657 1512 694 1582 δέ
717 1520 874 1603 φείσομαι
896 1515 956 1603 μὲν
976 1511 1072 1603 ὑμῶν
1088 1511 1131 1595 ῶς
1144 1512 1189 1602 μή
1205 1541 1270 1601 φο-
1289 1536 1311 1576 1⁰

285 1641 304 1694 8
317 1626 451 1707 νεῦσαι,
472 1615 552 1688 ούδὲ
565 1615 621 1700 τάς
636 1613 796 1706 ὑμετέρας
808 1633 919 1705 χεῖρας
933 1618 1131 1707 μιμήσομαι·
1148 1618 1221 1687 ἐπεὶ
1230 1616 1271 1685 δὲ

314 1723 396 1812 μήτε
410 1719 504 1794 ὅσιον
518 1721 598 1810 μήτε
612 1727 744 1790 δίκαιον
752 1726 800 1789 ἔτι
808 1724 945 1809 βασιλέα
952 1719 1037 1810 ὑμᾶς
1051 1727 1270 1811 δορυφορεῖν,

314 1829 370 1896 καλ
384 1829 417 1906 ές
434 1825 493 1895 τὸν
506 1822 609 1914 ὅρκον
627 1821 870 1912 ἀσεβήσαντας,
889 1827 945 1894 καὶ
965 1829 1117 1917 ἐμφυλίῳ
1137 1825 1194 1893 καλ
1208 1831 1272 1911 βα-

314 1936 430 2020 σιλικῷ
448 1934 559 2016 αἵματι
571 1926 628 2007 τάς
643 1925 751 2009 δεξιάς
768 1926 959 2016 μιάναντας,
970 1928 1031 2016 τήν
1045 1956 1079 1997 τε
1089 1934 1201 1998 πίστιν
1215 1927 1272 1995 καλ

314 2030 349 2100 τδ
366 2032 523 2119 ἐχέγγυον
542 2037 600 2120 τῆς
621 2036 771 2119 φρουράς
791 2030 991 2119 προδόντας,
1005 2030 1062 2111 τάς
1082 2031 1143 2119 μὲν
1163 2028 1272 2117 ψυχάς
1291 2050 1311 2090 1⁵

315 2135 372 2204 καί
385 2132 424 2203 τά
438 2134 571 2222 σῶματα
591 2139 702 2221 δῶρον
721 2140 778 2220 τής
796 2136 873 2222 ἐμής
894 2142 1152 2223 φιλανθρωπίας
1173 2136 1271 2221 ἕξετε,

315 2254 383 2317 τοῖς
397 2237 434 2307 δὲ
452 2232 706 2328 περιειληφύσιν
720 2231 806 2323 ύμάς
819 2237 1032 2325 στρατιώταις
1045 2236 1172 2307 κελεύω
1187 2233 1273 2306 ἀπο-

315 2348 419 2425 ζῶσαί
430 2367 465 2410 τε
480 2337 582 2429 ὑμᾶς,
602 2341 658 2408 καὶ
671 2336 904 2421 ἀποδύσαντας
922 2352 955 2411 εί
965 2370 1057 2422 τινας
1076 2347 1272 2431 περίκεισθε

285 2460 302 2514 9
317 2447 459 2533 ἐσθῆτας
472 2442 722 2533 στρατιωτικάς,
738 2441 888 2531 γυμνούς
902 2441 1119 2533 ἀποπέμπειν.
1141 2472 1273 2532 παραγ-

316 2551 421 2636 γέλλω
443 2575 479 2617 τε
508 2543 589 2635 ύμῖν
612 2542 744 2615 ἀπιέναι
766 2542 811 2626 ῶς
839 2548 1041 2636 πορρωτάτω
1064 2554 1121 2635 τής
1137 2542 1271 2635 Ῥῶμης,
1290 2577 1311 2615 ω

316 2649 440 2722 ἀπειλῶ
455 2680 490 2721 τε
508 2652 564 2720 καὶ
584 2649 765 2738 διόμννμαι
785 2650 841 2718 καὶ
863 2650 1079 2740 προαγορεύω
1102 2649 1274 2738 κολασθή-

316 2766 437 2825 σεσθαι
451 2762 656 2843 κεφαλικῶς,
672 2764 705 2823 εί
722 2783 770 2834 τις
790 2748 886 2841 ὑμῶν
906 2753 998 2835 ἐντὸς
1014 2756 1191 2824 έκατοστού
1212 2776 1273 2843 ση-

318 2864 414 2944 μείου
428 2853 491 2925 άπδ
507 2864 564 2944 τής
574 2853 695 2944 Ῥῶμης
709 2853 859 2945 φανείη.”

270 2982 304 3032 10
418 2965 521 3027 ταῦτα
546 2959 764 3038 κελεύσαντος
791 2956 914 3044 αύτού,
944 2957 1213 3048 προσδραμόντες
1242 2963 1276 3027 οἱ

313 3059 487 3148 Ἱλλυρικολ
501 3067 698 3149 στρατιῶται
714 3060 755 3128 τά
768 3087 803 3128 τε
817 3063 946 3148 ξιφίδια
960 3068 1193 3152 περιαιρούσιν
1208 3058 1271 3131 αύ-
1287 3086 1311 3127 ω

317 3172 384 3235 τῶν
398 3159 419 3232 ἀ
433 3164 652 3253 παρηῶρηντο
667 3170 712 3255 τῶ
727 3159 865 3255 ἀργύρῳ
879 3165 934 3232 καί
949 3172 995 3257 τῷ
1011 3172 1122 3257 χρυσῶ
1137 3168 1170 3245 ἐς
1186 3192 1272 3253 πομ-

317 3266 385 3356 πήν
398 3269 643 3355 κεκοσμημένα,
657 3266 715 3347 τάς
728 3293 762 3335 τε
776 3265 881 3350 ζῶνας
900 3269 955 3336 καλ
975 3266 1032 3349 τάς
1053 3272 1196 3357 ἐσθῆτας
1216 3270 1272 3337 καὶ

318 3381 353 3440 εί
362 3398 393 3439 τι
411 3370 580 3459 σύμβολον
600 3377 723 3459 ἔφερον
742 3370 995 3459 στρατιωτικόν,
1015 3368 1272 3459 άφαρπάσαντες

269 3496 302 3549 ll
318 3471 468 3563 γυμνούς
485 3476 675 3562 ἐξέπεμπον.
706 3481 740 3543 οἳ
751 3474 789 3543 δὲ
808 3470 948 3545 ὑπεῖκον
964 3478 1202 3565 προδεδομένοι
1216 3475 1272 3544 καὶ

318 3583 499 3666 σοφίσματι
520 3576 712 3657 ἕαλωκότες’
744 3583 779 3646 τί
802 3575 865 3668 γάρ
886 3580 967 3667 ἐυήν
986 3584 1105 3665 δρᾶσαι
1132 3594 1272 3666 γυμνοῖς
1289 3602 1311 3643 ιο

318 3680 402 3768 πρὸς
416 3676 707 3769 ῶπλισμένουςιιαλ
721 3676 846 3769 ὀλίγοις
856 3680 938 3770 πρὸς
949 3681 1109 3766 πολλούς;
1123 3679 1273 3773 ἀπήεσαν

315 3783 361 3871 δή
376 3780 595 3878 ὀδυρόμενοι,
616 3786 672 3855 καὶ
687 3780 827 3875 ήγάπων
839 3785 901 3874 μὲν
914 3782 976 3873 τήν
990 3789 1151 3855 δοθεῖσαν
1164 3808 1272 3874 σωτη-
