3134 4367
512 560 782 624 ΒΙΒΛΙΟΝ
819 563 1037 625 ΕΚΤΟΝ.

396 757 519 854 Ὁποίω
539 760 601 848 μέν
621 759 663 848 δή
688 762 773 830 τέλει
800 757 818 830 ὁ
841 762 916 841 νέος
935 757 1132 839 Ἀντωνῖνος
1155 760 1251 848 ἐχρή-

299 887 395 951 σατο,
412 869 449 934 ἐν
462 879 531 944 τοῖς
551 865 803 953 προειρημένοις
816 862 1015 951 δεδήλωται
1037 863 1251 952 παραλαβόν-

298 996 355 1049 τος
369 968 407 1037 δέ
420 964 481 1055 τήν
494 964 599 1056 άρχήν
613 963 834 1056 Ἀλεξάνδρου
848 965 884 1037 τὸ
900 966 1004 1057 <μδν>
1018 972 1126 1054 σχήμα
1145 969 1202 1036 καὶ
1216 963 1274 1041 τὸε

298 1068 404 1159 ὄνομα
418 1078 475 1158 τῆς
488 1076 656 1159 βασιλείας
667 1074 784 1161 ἐκείνῳ
798 1065 1023 1157 περιέκειτο,ή
1038 1072 1153 1158 μέντοι
1168 1075 1252 1140 διοί-

298 1197 393 1263 κησις
406 1181 473 1243 των
488 1173 690 1261 πραγμάτων
703 1175 760 1242 καλ
777 1170 798 1261 ή
813 1181 870 1261 τής
885 1169 986 1260 άρχής
1000 1179 1176 1262 οἰκονομία
1188 1169 1252 1243 ὑπὸ

298 1292 369 1358 ταῖς
382 1278 514 1364 γυναιξὶ
527 1282 695 1368 διῳκεῖτο,
718 1281 776 1345 ἐπί
793 1304 827 1346 τε
847 1274 883 1345 τὸ
904 1278 1181 1366 σωφρονέστερον
1200 1278 1254 1345 καὶ

269 1401 287 1454 2
303 1381 503 1469 σεμνότερον
517 1380 623 1449 πάντα
636 1379 791 1468 μετάγειν
807 1383 998 1463 ἐπειρῶντο.
1051 1380 1107 1449 καί
1121 1388 1254 1468 πρῶτον

299 1486 362 1572 μὲν
374 1490 431 1571 τής
447 1482 634 1571 συγκλήτου
648 1491 771 1572 βουλής
785 1481 862 1563 τούς
876 1488 1058 1563 δοκοῦντας
1071 1484 1129 1551 καλ
1143 1480 1255 1575 ήλικίρι
1269 1510 1286 1547 ιι

298 1585 520 1675 σεμνοτάτους
534 1588 590 1655 καλ
604 1593 667 1679 βίω
680 1585 973 1677 σωφρονεστάτους
986 1586 1166 1655 ἑκκαίδεκα
1179 1591 1254 1657 ἐπε-

299 1693 434 1773 λέξαντο
455 1693 640 1780 συνέδρους
662 1689 748 1760 εἶναι
769 1692 826 1758 καλ
844 1688 1056 1776 συμβούλους
1075 1697 1137 1758 τοῦ
1159 1697 1255 1779 βασι-

299 1796 397 1874 λέως·
423 1789 507 1862 οὐδέ
525 1821 557 1861 τι
580 1794 710 1881 ἐλέγετο
731 1788 753 1882 ή
774 1792 968 1883 ἐπράττετο,
991 1798 1023 1861 εί
1038 1795 1083 1881 μὴ
1103 1790 1254 1863 κάκεῖνοι

299 1892 381 1964 αὐτὸ
396 1898 624 1983 ἐπικρίναντες
636 1895 811 1984 σύμψηφοι
826 1897 989 1984 ἐγένοντο.
1024 1891 1149 1986 ήρεσκέ
1160 1923 1196 1966 τε
1210 1903 1254 1989 τῷ

299 1997 393 2087 δήμω
413 2000 470 2065 καὶ
490 2012 558 2078 τοῖς
579 2001 827 2087 στρατοπέδοις,
848 1995 932 2066 άλλά
948 2000 1004 2067 καὶ
1019 2005 1058 2088 πή
1077 1999 1254 2091 συγκλήτῳ
1269 2026 1287 2067 ιε

299 2106 422 2190 βουλή,
446 2097 483 2169 τὸ
500 2106 607 2188 σχήμα
625 2107 683 2189 τῆς
702 2107 871 2190 βασιλείας
893 2104 929 2171 ἐκ
949 2108 1151 2189 τυραννίδος
1171 2105 1256 2192 ἐφυ-

300 2210 440 2294 βρίστου
454 2206 487 2283 ἐς
501 2200 753 2292 ἀριστοκρατίας
766 2203 874 2273 τύπον
887 2206 1062 2292 μεταχθέν.

269 2333 287 2387 3
403 2307 611 2396 πρῶτονμὲν
630 2298 750 2377 οὖντά
767 2303 937 2395 ἀγάλματα
958 2314 1025 2377 των
1043 2313 1154 2394 θεῶν,
1171 2304 1256 2398 άπερ

301 2418 418 2498 έτυχεν
438 2412 563 2492 ἐκεῖνος
582 2409 720 2498 κινήσας
737 2412 794 2479 καὶ
813 2409 1026 2499 μεταγαγών,
1047 2417 1202 2499 ἔπεμψαν
1224 2414 1257 2493 ἐς

300 2514 378 2596 τοὺς
395 2510 553 2603 άρχαίους
572 2515 628 2583 καὶ
648 2520 755 2595 ἰδίους
774 2513 878 2594 ναούς
895 2542 931 2584 τε
949 2514 1005 2587 καὶ
1024 2513 1161 2602 σήκοάς·
1177 2514 1256 2596 τοάς
1270 2547 1291 2587 κ

301 2645 337 2688 τε
362 2613 423 2687 ὑπ’
454 2621 585 2688 ἐκείνου
612 2614 755 2706 άλόγως,
782 2612 804 2708 ή
829 2613 885 2707 ἐφ’
913 2612 963 2698 οἷς
990 2613 1256 2707 εὐδοκιμήκεσαν

301 2717 547 2809 ἁμαρτήμασιν,
562 2724 595 2802 ἐς
607 2720 703 2810 τιμάς
714 2725 771 2790 καὶ
784 2724 933 2803 ἐξουσίας
946 2724 1176 2810 προαχθέντας
1189 2729 1257 2791 των

301 2824 474 2892 δοθέντων
494 2820 690 2911 ἀφείλοντο,
718 2823 876 2903 ἑκάστους
900 2822 1117 2905 κελεύσαντες
1139 2828 1173 2905 ἐς
1195 2825 1257 2913 τήν

249 2962 252 2971 v
270 2950 289 3003 4
303 2926 466 3013 προτέραν
483 2922 595 2994 αὑτων
609 2928 779 2996 ἐπανιέναι
799 2932 855 3013 τῆς
869 2922 960 3009 άξίας
979 2932 1118 3015 αἵρεσιν.
1149 2927 1209 3008 τάς
1222 2956 1257 2997 τε

301 3026 434 3116 πράξεις
447 3023 576 3108 άπάσας
588 3030 644 3097 καλ
659 3026 716 3108 τάς
729 3027 923 3116 διοικήσεις,
937 3027 995 3111 τάς
1008 3030 1069 3118 μέν
1082 3030 1255 3112 πολιτικάς
1269 3057 1291 3099 τ

248 3198 250 3201 .
302 3132 359 3199 καὶ
373 3126 552 3219 ἀγοραίους
565 3134 770 3225 ἐνεχείρισαν
783 3146 852 3212 τοῖς
870 3122 924 3202 ἐπὶ
941 3132 1052 3221 λόγοις
1067 3130 1256 3223 εὐδοκιμω-

301 3232 411 3313 τάτοις
424 3236 480 3302 καλ
494 3233 607 3323 νόμων
620 3237 799 3323 ἐμπείροις,
813 3233 870 3315 τάς
886 3236 923 3305 δέ
937 3236 1175 3326 στρατιωτικάς
1187 3254 1256 3319 τοῖς

303 3339 510 3418 ἐξετασθεῖσί
526 3365 561 3407 τε
574 3339 631 3406 καλ
646 3333 905 3426 εὐδοκιμήσασιν
918 3343 955 3409 ἐν
965 3336 1135 3421 εὐτάκτοις
1148 3370 1185 3411 τε
1200 3343 1256 3411 καί

302 3447 494 3527 πολεμικαῖς
507 3440 674 3535 πράξεσιν.

403 3544 457 3611 ἐπὶ
480 3543 567 3613 πολὺ
588 3541 621 3613 δ’
644 3542 732 3614 οὕτω
752 3551 810 3632 τῆς
830 3542 931 3636 άρχής
958 3547 1209 3634 διοικουμένης,
1233 3543 1291 3635 ήω

301 3647 366 3734 μὲν
374 3655 489 3739 Μαῖσα
503 3646 758 3742 πρεσβῦτις-ήδη
768 3638 853 3718 οὖσα
867 3647 1076 3719 άνεπαάσατο
1089 3656 1150 3718 τοῦ
1165 3656 1254 3739 βίου,

296 3753 444 3838 ἐτνχέτε
452 3758 639 3839 βασιλικῶν
653 3760 774 3843 τιμῶν,
787 3753 843 3822 καλ
857 3749 901 3832 ὡς
914 3757 1082 3839 νομίζουσι
1092 3749 1254 3842 Ῥωμαῖοι,
