3134 4367
581 549 589 575 Ι
662 467 913 521 ΟΝΟΣΑΝΔΡΟΤ

761 657 804 748 υ.

459 807 549 867 [ΠΩΣ
566 807 720 859 ΗΜΕΡΑΣ
736 808 863 861 ΑΙΡΕΙΝ
879 808 956 860 ΧΡΗ
973 807 1115 867 nom]

360 960 389 1018 4.
409 955 454 1019 El
474 946 508 1019 δ’
523 944 646 1038 ἡμέρας
659 945 846 1039 ἀναστήσας
863 946 938 1039 ἀγυι
952 947 1141 1039 στράτευμα
1156 947 1269 1030 πόλεις

309 1057 346 1123 ἐκ
360 1057 540 1141 προδοσίας
554 1050 740 1141 ληψόμενος
752 1052 837 1122 κατά
849 1050 912 1143 τήν
927 1053 1152 1142 συγκειμένην
1165 1049 1266 1142 ὥραν,

308 1153 387 1237 τοὺς
408 1154 493 1225 κατά
511 1154 574 1245 τήν
594 1151 676 1227 ὁδὸν
689 1152 940 1236 ὑποπίπτοντας
953 1154 1104 1236 ἅπαντας
1118 1181 1266 1245 προαπο-

262 1260 276 1286 ’
309 1261 456 1329 στέλλων
479 1264 591 1340 ίππεῖς
608 1262 888 1348 συλλαμβανέτω,
911 1258 956 1347 μή
976 1286 1025 1339 τις
1045 1265 1116 1329 τῶν
1136 1261 1192 1329 ἐπὶ
1211 1264 1268 1348 τῆς

307 1363 417 1453 χώρας
436 1361 572 1451 φθάσας
590 1360 797 1452 άποδραμάν
815 1362 949 1452 μηνήση
969 1361 1032 1451 τήν
1053 1367 1181 1450 ἔφοδον
1201 1367 1267 1433 τάν

308 1473 495 1554 πολεμίων,
522 1463 597 1536 ἀλλ’
624 1473 803 1555 αἰφνιδίως
821 1463 1026 1555 ἀφυλάκτοις
1044 1462 1066 1554 ή
1086 1465 1268 1555 ἐπιφάνεια

308 1571 444 1658 νένηται
457 1574 518 1638 τοῦ
531 1570 782 1659 στρατεύματος.
814 1580 843 1639 5.
858 1570 1047 1641 ἐπελθόντα
1062 1565 1095 1637 δ’
1112 1572 1269 1658 ἐξαίφνης

307 1669 568 1764 ἀπροσδοκήτοις
587 1673 666 1763 χρή,
693 1670 759 1744 κάν
783 1670 829 1762 μή
854 1671 939 1744 κατά
959 1677 1146 1763 προδοσίαν
1164 1675 1269 1763 μέλλη

308 1776 515 1867 λαμβάνειν,
547 1774 626 1846 ἀλλ’
653 1780 690 1847 ἐκ
721 1775 935 1867 προρρήσεως
962 1773 1187 1864 ἀγωνίζεσθαι
1213 1774 1269 1846 διά

308 1880 424 1970 μάχης,
439 1877 753 1969 μήάναβάλλεσθαι,
767 1876 841 1949 ἀλλ’
857 1875 902 1959 ἀς
911 1876 961 1949 ὅτι
969 1879 1113 1969 μάλιστα
1121 1878 1270 1967 φθάνειν

308 1983 562 2069 προσβάλλοντα
585 1993 652 2053 εἴτε
671 1989 826 2075 φρουρίω
849 1993 917 2053 είτε
933 1982 1053 2072 χάρακι
1075 1992 1142 2053 εἴτε
1164 1982 1269 2067 πόλει,

308 2085 451 2173 μάλιστα
471 2081 506 2153 δ’
521 2081 572 2153 ὅτ’
586 2081 630 2154 ἀν
649 2081 765 2172 ὀλίγον
780 2086 867 2155 εἶναι
885 2085 968 2177 δοκή
981 2085 1150 2174 τὸφίλιον
1171 2084 1267 2177 στρά-

308 2215 414 2278 τευμα
427 2188 483 2256 καί
496 2191 565 2256 τῶν
579 2190 712 2277 ἐχθράν
720 2188 978 2284 ἐλαττούμενον·
1000 2198 1031 2261 6.
1045 2195 1083 2259 αί
1089 2187 1155 2280 γάρ
1167 2180 1269 2280 ἀπρό-

308 2301 428 2381 ληπτοι
446 2295 516 2361 τάν
539 2297 709 2381 πολεμίων
730 2292 926 2381 ἐπιφάνειαι
948 2290 1004 2364 διά
1026 2290 1064 2362 τὸ
1078 2287 1271 2382 παράλογον

309 2395 529 2485 ἐκπλήττουσι
542 2392 621 2476 τούς
634 2399 825 2483 ἐναντίους,
840 2392 905 2466 κάν
921 2388 982 2467 ὦσι
997 2395 1180 2486 κρείττους,
1197 2400 1269 2483 ἕως,

205 2577 216 2603 ·
309 2496 353 2570 ἀν
372 2527 412 2587 γε
431 2496 717 2588 σννθεωρήσωσιν
735 2495 858 2580 αὑτοδς
877 2503 933 2570 καὶ
945 2499 1200 2589 βουλεύσασθαι
1214 2501 1270 2569 καὶ

309 2598 543 2691 ἀναθαρρῆσαι
563 2600 682 2691 καιρὸν
705 2602 853 2690 λάβωσι,
872 2602 956 2673 κατά
977 2602 1099 2692 μικρὸν
1120 2601 1268 2691 ἀναγκά-

308 2715 419 2806 ζορται
432 2721 673 2794 καταφρονεῖν·
686 2703 792 2787 οὕτως
806 2710 913 2776 ἐνίοτε
926 2705 967 2777 τά
978 2711 1094 2797 πρῶτα
1106 2710 1164 2777 καὶ
1172 2704 1268 2796 ἀρχό·

308 2835 395 2896 μενα
402 2807 618 2898 φοβερώτερα
629 2813 698 2877 τῶν
711 2810 1047 2898 χρονιζομένωνείναι
1059 2814 1163 2881 δοκεῖ.
1178 2822 1206 2880 7.
1217 2808 1269 2880 διὸ

309 2910 467 3001 πολλάκις
476 2908 540 3000 ήδη
547 2910 636 2992 τινές
648 2918 696 3007 τῷ
704 2913 881 3007 παραδόξῳ
896 2919 954 3002 τῆς
962 2916 1161 3001 ἐπιφανείας
1169 2941 1269 2984 κατα-

309 3014 511 3105 πληξάμενοι
523 3011 601 3095 τοῦς
615 3018 788 3096 ἐναντίους
801 3012 822 3104 ή
835 3014 917 3105 ταχὺ
930 3019 986 3087 καὶ
996 3014 1268 3099 άκονταςὺπέτα·

309 3120 370 3200 ξαν
389 3115 411 3208 ή
430 3132 539 3189 ποιεῖν
557 3117 694 3199 ἑκόντας
716 3115 912 3209 ήνάγκασαν
933 3117 974 3189 τά
989 3120 1270 3211 προσταττόμενα.

618 3443 885 3513 ΚΕΦΑΛΑΙΟΝ
914 3446 957 3514 Μ.

602 3591 703 3650 [ΠΕΡΙ
719 3590 975 3652 110A10PK1A2.]

342 3742 373 3803 1.
396 3737 598 3831 Πολιορκία
621 3732 662 3805 δὲ
677 3734 898 3826 στρατιωτῶν
919 3724 1061 3813 ἀνδρίαν
1076 3731 1284 3813 mmmm&

270 3842 530 3941 στρατηγικὴν
550 3844 724 3917 ἐπίνοιαν
730 3838 799 3941 καὶ
812 3826 1068 3924 μηηανηυᾶων
1081 3824 1308 3941 QQW'W
