3134 4367
715 422 869 480 Τνινον
1222 422 1261 482 οι
1313 492 1317 501 ,

307 593 443 679 ἐσθῆτος
460 601 550 660 ίσασι
562 599 691 680 χρήσιν,
708 581 792 660 ἀλλά
805 589 862 671 τάς
875 590 936 679 μὲν
950 590 1099 683 λαπάρας
1111 599 1168 666 καὶ
1181 588 1261 677 τοάς

305 694 488 783 τραχήλους
503 701 665 782 κοσμοῦσι
685 693 829 787 σιδήρῳ,
846 694 1062 783 καλλωπισμα
1084 706 1181 769 τοῦτο
1201 703 1258 770 καί

303 798 451 867 πλούτου
471 796 642 886 σύμβολον
661 804 847 885 νομίζοντες
868 792 980 886 ὥσπερ
1006 791 1065 868 τδν
1082 800 1207 889 χρυσὸν
1228 810 1261 873 οί

302 902 410 970 λοιποὶ
431 900 613 990 βάρβαροι,
634 898 674 969 τά
704 900 742 969 δὲ
765 900 900 989 σώματα
927 908 1090 985 στίζονται
1116 922 1259 994 γραφαῖς

276 1011 467 1083 εποικίλαις
479 1006 536 1072 καὶ
555 1001 649 1097 ζῴων
667 1008 890 1073 παντοδαπῶν
912 1004 1052 1075 εἰκόσιν·
1074 1002 1159 1076 ὅθεν
1179 1004 1255 1078 οὐδ’

301 1105 563 1195 ἀμφιέννυνται,
577 1112 633 1175 ἵνα
646 1104 691 1194 μή
704 1109 850 1175 σκέπωσι
864 1114 924 1177 τοῦ
943 1108 1091 1197 σώματος
1104 1108 1162 1190 τάς
1175 1138 1258 1198 γρα-

300 1210 372 1297 φάς.
402 1212 468 1279 εἰσὶ
482 1209 519 1279 δὲ
532 1209 758 1298 μαχιμώτατοί
769 1237 803 1278 τε
818 1212 874 1279 καὶ
888 1212 1120 1300 φονικωτατοι,
1134 1210 1256 1283 ἀσπίδα
1271 1228 1288 1280 8

299 1314 406 1402 μόνην
419 1310 542 1401 στενήν
556 1314 821 1402 προβεβλημένοι
842 1315 898 1382 καὶ
914 1314 1015 1402 δόρυ,
1031 1318 1125 1403 ξίφος
1141 1316 1185 1385 δέ·
1192 1342 1257 1385 πα-

300 1419 501 1506 ρηρτήμένοι
516 1425 649 1506 γυμνοῦ
666 1416 826 1504 σώματος.
840 1415 1009 1507 Ιθώρακος
1023 1418 1060 1487 δὲ
1076 1413 1097 1507 ή
1111 1419 1257 1507 κράνους

264 1550 285 1588 ιο
301 1517 362 1590 οὐκ
378 1531 470 1590 ίσασι
482 1527 617 1608 χρῆσιν,
633 1518 793 1607 ἐμπόδιον
806 1527 996 1607 νομίζοντες
1009 1519 1092 1609 πρὸς
1107 1520 1168 1610 τήν
1183 1528 1256 1592 δίο-

299 1629 360 1693 δον
372 1630 442 1692 τῶν
456 1626 560 1710 ἑλῶν,
575 1627 607 1706 ἐξ
626 1614 675 1692 οἷν
688 1629 745 1710 τής
761 1618 1017 1710 ἀναθυμιάσεως
1030 1626 1087 1692 καὶ
1108 1626 1255 1713 παχύτη-

298 1724 378 1806 τοςὸ
392 1723 465 1795 κατ’
483 1730 617 1814 ἐκείνην
630 1725 691 1813 τήν
704 1724 817 1813 χώραν
831 1721 1055 1814 ἀήρζοφωδής
1069 1723 1121 1796 ἀεὶ
1135 1737 1255 1816 φαίνε-

297 1940 412 2020 ἒμελλε
430 1940 476 2025 τῷ
499 1929 667 2020 Ῥωμαίων
687 1938 816 2024 στρατῷ
835 1931 999 2020 λυπήσειν
1017 1932 1054 2002 δέ
1076 1936 1132 2002 καὶ
1152 1937 1254 2023 ἐμπο-

259 2060 280 2100 ω
297 2042 382 2105 διείν
397 2035 459 2124 τήν
473 2042 541 2105 των
555 2036 735 2125 βαρβάρων
748 2031 864 2123 ὁρμήν.

396 2136 442 2220 ὡς
457 2140 495 2207 δέ
514 2136 687 2231 αὐτάρκως
700 2134 803 2227 ἀφθή
818 2135 908 2229 αὐτῷ
927 2136 967 2206 τά
984 2137 1066 2226 πρὸς
1079 2136 1138 2207 τὸν
1151 2138 1279 2212 πόλε-9

295 2272 357 2329 μον
377 2240 614 2331 εὐτρεπίσθαι,
634 2240 694 2311 τὸν
713 2241 775 2329 μὲν
801 2241 965 2330 νεώτερον
983 2248 1050 2310 τῶν
1070 2246 1171 2329 υἱοῖν,
1193 2242 1253 2311 τὸν

294 2349 400 2416 Γέταν
418 2345 647 2433 καλούμενον,
664 2343 857 2414 καταλιπων
876 2347 912 2413 ἐν
926 2350 972 2437 τῷ
993 2335 1058 2414 ὑπὸ
1074 2340 1252 2432 Ῥωμαίους

295 2457 388 2520 ἔθνει
404 2448 583 2519 δικάσοντά
596 2476 631 2517 τε
645 2449 701 2518 καί
711 2445 752 2516 τά
764 2446 918 2517 πολιτικά
932 2453 991 2536 τής
1005 2443 1107 2535 ἀρχῆς
1121 2448 1251 2535 διοική-

256 2579 280 2618 ω
296 2574 412 2638 σοντα,
428 2550 509 2633 δοδς
530 2549 621 2643 αὐτῷ
649 2552 834 2644 συνέδρους
854 2557 922 2619 τῶν
943 2557 1053 2637 φίλων
1069 2548 1148 2629 τοὺς
1167 2575 1249 2637 πρε-

292 2658 495 2743 σβυτέρους,
516 2653 575 2724 τὸν
596 2655 633 2723 δὲ
656 2649 856 2722 Ἀντωνίυον
873 2649 1077 2739 παραλαβών
1097 2651 1151 2719 ἐπί
1171 2643 1249 2732 τοδς

288 2759 483 2847 βαρβάρους
510 2754 674 2845 ήπείγετο.
734 2752 942 2843 ὑπερβάντος
964 2754 1001 2822 δὲ
1021 2760 1082 2821 τοῦ
1105 2762 1247 2843 στρατοῦ
1266 2780 1299 2831 10

292 2861 331 2931 τά
350 2863 606 2950 προβεβλήμένα
629 2857 776 2949 ῥεύματά
799 2886 835 2928 τε
860 2859 917 2927 καὶ
942 2855 1076 2945 χώματα
1095 2863 1153 2945 τής
1169 2853 1247 2927 Ῥω-

291 2971 401 3051 μαίων
429 2960 531 3054 ἀρχής
557 2965 722 3052 συμβολαὶ
747 2964 804 3032 καὶ
826 2959 1063 3050 ἀκροβολισμοὶ
1090 2962 1248 3042 πολλάκις

255 3102 277 3141 ἰε
294 3070 446 3155 ἐγίνοντο
472 3074 596 3155 τροπαί
615 3094 650 3135 τε
676 3065 953 3156 τῶνβαρβάρων.
994 3056 1078 3133 ἀλλά
1098 3080 1166 3145 τοῖς
1185 3065 1247 3152 μὲν

291 3174 391 3262 ῥᾳδία
405 3161 449 3260 ήν
463 3165 485 3257 ἡ
499 3170 609 3258 φυγή,
624 3172 679 3238 καὶ
693 3170 919 3239 διελάνθανον
933 3175 970 3237 έν
984 3195 1018 3237 τε
1035 3173 1174 3255 δρυμοῖς
1190 3171 1246 3237 καὶ

291 3278 379 3344 ἕλεσι
392 3274 450 3342 καὶ
463 3280 503 3363 τή
517 3280 585 3342 τῶν
598 3280 729 3361 χωρίων
742 3273 875 3360 γνώσει,
890 3267 974 3358 άπερ
988 3268 1095 3339 πάντα
1109 3266 1245 3359 Ῥωμαί-

291 3406 339 3458 οις
352 3375 436 3447 ὄντα
449 3379 583 3445 ἐναντία
598 3382 736 3444 πλείονα
746 3376 944 3466 παρέσχετῷ
954 3374 1087 3463 πολέμῳ
1095 3370 1156 3460 τήν
1170 3380 1244 3444 δια-

292 3480 426 3570 τριβήν·
441 3477 501 3549 τὸν
516 3479 554 3548 δὲ
566 3485 721 3566 Σεεήρον
736 3475 876 3567 γηραιὸν
890 3473 970 3545 ὄντα
984 3471 1048 3564 ήδή
1061 3474 1158 3556 νόσος
1173 3480 1246 3546 ἐπι·
1260 3490 1296 3547 15
1333 3515 1336 3520 ’

255 3618 278 3657 ω
291 3585 475 3672 μήνεστέρα
490 3582 751 3670 καταλαμβάνει,
765 3577 849 3650 ὅθεν
863 3576 964 3660 αὐτὸς
978 3577 1039 3667 μὲν
1049 3574 1247 3667 ἠναγκάζετο

292 3690 406 3773 μένειν
420 3696 524 3772 οίιιοι,
544 3676 602 3754 τδν
623 3685 660 3753 δὲ
678 3680 878 3753 Ἀντωυίνον
897 3686 1049 3772 ἐπειρᾶτο
1070 3683 1248 3767 ἐκπέμπειν

292 3791 505 3879 διοικήσοντα
520 3786 561 3856 τά
573 3783 797 3879 στρατιωτικά.
813 3782 883 3859 οδε
901 3784 1108 3865 Ἀντωνῖνος
1118 3790 1188 3850 των
1204 3780 1266 3866 μὶν

378 3922 555 3966 mooun.
751 3884 753 3889 Ι
998 3883 1003 3891 ³
1111 3900 1133 3958 't
