3134 4367
550 392 558 407 ’
706 429 860 488 νΡεΤοΝ
1214 429 1253 491 73

303 623 383 685 γρου
406 602 469 664 τοῦ
489 596 701 685 πανταχόθεν
722 597 915 668 κωλύεσθαι
940 601 1038 669 ἕνεκα
1056 599 1117 691 τὴν
1137 607 1253 674 δίοδον

300 705 359 769 τοῦ
376 705 528 788 στρατοῦ.
617 699 619 704 ’

400 800 487 871 κατὰ
505 803 567 890 μέν
593 801 635 891 δη
662 807 908 873 Καππαδοκίαν
935 807 1038 872 ταῦτα
1065 806 1281 896 ἐπράττετο,3

299 905 550 974 ἐστασίασανδέ
563 901 646 996 πρὸς
663 901 827 995 ἀλλήλους
844 912 890 997 τῷ
905 900 997 997 αύτῷ
1011 904 1097 999 ζήλῳ
1114 912 1169 979 καὶ
1184 917 1251 999 [μέ-

277 1014 361 1091 ῡσει]
386 1012 564 1088 Λαοδικεῖς
590 1008 652 1097 μέν
680 1006 763 1079 κατά
784 1015 918 1097 Συρίαν
936 1004 1129 1096 Ἀντιοχέων
1151 1019 1251 1100 μίσει,

297 1108 382 1182 κατά
395 1111 434 1180 δέ
449 1118 612 1200 Φοινίκην
632 1110 748 1201 Τύριοι
765 1118 941 1201 Βηρυτίων
956 1117 1064 1198 ἔχθει·
1086 1111 1253 1202 μαθόντες

296 1240 332 1283 τε
351 1211 413 1283 τὸν
425 1220 560 1303 Νίγρου
579 1213 770 1303 πεφευγότα
784 1212 842 1295 τάς
856 1215 917 1303 μὲν
929 1212 1024 1302 τιμάς
1044 1218 1177 1286 ἐκείνου
1190 1245 1252 1287 κα-

296 1324 415 1386 θελεῖν
433 1317 676 1407 ἐπειράθησαν,
689 1313 749 1387 τὸν
762 1319 801 1388 δὲ
813 1324 968 1406 Σευῆρον
982 1313 1189 1409 εύφήμησαν.
1205 1316 1250 1403 ῶς
1263 1329 1281 1383 4

296 1420 335 1489 δὲ
347 1417 529 1508 γενόμενος
548 1423 585 1489 ἐν
594 1416 776 1513 Ἀντιοχείᾳ
794 1426 898 1490 ταῦτα
918 1417 937 1490 ὁ
951 1428 1077 1510 Νίγρος
1093 1422 1250 1513 ἐπύθετο,

254 1556 279 1596 ιο
295 1518 405 1603 άλλως
423 1522 486 1611 μέν
499 1521 535 1591 τό
553 1514 637 1612 ἦθος
650 1524 812 1615 πρότερον
827 1521 966 1612 χρηστὸς
980 1520 1044 1612 ῶν,
1061 1522 1251 1616 ἀγανακτή-

292 1647 354 1707 σας
367 1625 405 1694 δέ
419 1625 493 1695 τότε
507 1625 640 1708 εἰκότως
654 1628 709 1696 ἐπὶ
715 1634 755 1717 τῇ
767 1622 945 1695 ἀποστάσει
958 1623 1071 1697 αὐτῶν
1077 1631 1133 1697 καί
1140 1625 1249 1720 ὕβρει,

293 1729 473 1816 ἐπιπέμπει
489 1744 560 1810 ταῖς
578 1728 716 1799 πόλεσιν
735 1726 937 1819 ἀμφοτέραις
951 1737 1193 1818 Μαυρουσίους
1209 1759 1246 1801 τε
1331 1743 1333 1750 ⁴

293 1826 491 1912 ἀκοντιστάς
510 1828 570 1913 ούς
586 1830 652 1920 εἶχε
665 1834 720 1902 καὶ
734 1835 832 1923 μέρος
848 1834 1005 1919 τοξοτῶν,
1031 1833 1191 1920 φονεύειν
1209 1861 1244 1905 τε

292 1931 375 2014 τούς
394 1934 656 2023 ἐντυγχάνοντας
675 1935 835 2015 κελεύσας
855 1937 911 2004 καὶ
931 1934 1124 2022 διαρπάζειν
1145 1934 1185 2006 τά
1206 1940 1244 2008 ἐν

252 2068 277 2108 ιε
294 2052 366 2117 ταῖς
379 2036 528 2125 πόλεσιν,
544 2033 646 2119 αύτάς
660 2066 695 2109 τε
708 2038 918 2127 ἐμπιπράναι.
935 2042 971 2107 οί
982 2038 1242 2128 δέΜανρούσιοι
1269 2056 1286 2111 ⁵

293 2136 388 2221 ὄντες
401 2140 634 2228 φονικάτατοι,
650 2145 706 2211 καὶ
720 2138 776 2211 διά
791 2139 828 2211 τὸ
841 2140 992 2211 θανάτου
1005 2143 1062 2210 καί
1075 2142 1247 2213 κινδύνων

293 2245 418 2334 ῥηιδίως
431 2259 656 2333 καταφρονεῖν
676 2244 783 2314 πάντα
798 2250 982 2332 τολμῶντες
1002 2241 1074 2333 μετ’
1092 2242 1248 2335 ἀπογνῶ-

293 2370 393 2433 σεως,
414 2345 627 2427 ἐπιπεσόντες
646 2364 714 2429 τοις
728 2352 953 2416 Λαοδικεῦσιν
972 2343 1014 2416 ού
1036 2354 1247 2437 προσδοκῶσι

293 2450 393 2518 παντὶ
408 2448 521 2542 τρόπῳ
534 2449 593 2518 τόν
606 2477 641 2519 τε
655 2455 762 2539 δῆμον
774 2452 831 2519 καὶ
844 2448 905 2538 τὴν
918 2448 1018 2520 πόλιν
1027 2450 1246 2539 ἐλυμήναντο,

255 2569 280 2611 ²⁰
294 2551 427 2621 ἐκεῖθέν
441 2577 476 2621 τε
496 2551 699 2633 σπεύσαντες
721 2555 775 2622 ἐπί
788 2549 850 2639 τὴν
868 2550 980 2640 Τύρον
997 2551 1107 2622 πᾶσάν
1120 2578 1155 2621 τε
1173 2554 1247 2621 ἐνέ-

293 2676 425 2744 πρησαν
438 2656 494 2723 καὶ
509 2646 635 2743 πολλὴν
651 2652 805 2742 ἁρπαγὴν
818 2656 875 2723 καὶ
890 2654 996 2741 φόνον
1011 2652 1216 2741 εἰργάσαντο.

394 2756 524 2826 τούτων
547 2756 632 2827 κατὰ
653 2764 786 2846 Συρίαν
811 2757 997 2844 γινομένων
1018 2757 1076 2824 καὶ
1094 2762 1276 2847 στρατοῶί

292 2854 358 2929 ὑπὸ
378 2867 515 2949 Νίγρου
536 2858 793 2951 ἀθροιζομένου,
821 2855 839 2928 ὁ
860 2866 921 2927 τοῦ
934 2856 1090 2949 Σεεηρον
1109 2856 1248 2951 στρατός

293 2962 600 3053 προσκαθεζόμενος
623 2962 660 3033 τό
682 2971 788 3052 ἔρυμα
809 2961 1004 3052 ἐπολιόρκει.
1045 2952 1132 3050 ἦσαν
1158 2962 1196 3032 δέ
1214 2968 1249 3033 οί

258 3088 280 3129 κ
294 3072 492 3155 στρατιῶται
512 3069 550 3135 ἐν
563 3073 668 3157 πολλῇ
688 3064 819 3159 ἀθυμίην
839 3067 895 3135 καὶ
917 3062 1106 3154 άπογνῶσει
1119 3062 1246 3155 ὀχυροῦ

293 3193 328 3237 τε
342 3164 438 3250 ὄντος
451 3170 508 3239 καὶ
526 3170 696 3258 δυσμάχον
716 3172 774 3240 καὶ
796 3170 1033 3259 πεφραγμένου
1055 3164 1126 3257 όρει
1140 3196 1175 3238 τε
1188 3170 1257 3241 καὶ,

293 3279 442 3364 κρημνῷ.
474 3268 538 3361 ἤδη
554 3272 591 3341 δέ
604 3280 671 3341 τῶν
683 3273 745 3361 μὲν
757 3278 818 3342 τού
833 3272 989 3360 Σεεήρου
1003 3268 1242 3361 ἀπειρηκότων,
1256 3289 1273 3345 7

293 3380 360 3444 τῶν
373 3374 413 3444 δέ
426 3378 588 3445 ἐναντίων
597 3372 778 3465 ἀμέριμνον
792 3381 879 3462 ἔχειν
891 3371 953 3463 την
962 3372 1117 3464 φρουράν
1131 3377 1243 3465 οἰομέ-

293 3502 379 3566 νων,
401 3478 535 3567 νύκτωρ
549 3483 728 3566 αἰφνιδίως
748 3474 884 3566 όμβρων
897 3484 1060 3566 μεγίστων
1076 3505 1244 3570 καταρρα-

260 3604 282 3645 ω
295 3580 421 3666 γέντων
439 3579 550 3669 χιόνος
572 3608 608 3650 τε
628 3586 750 3668 πολλῆς
772 3585 1000 3669 (δυσχείμερος
1020 3577 1083 3670 γάρ
1108 3587 1196 3650 πᾶσα
1219 3576 1242 3667 ἡ

293 3688 532 3771 Καππαδοκία,
546 3684 718 3776 ἐξαιρέτως
731 3678 799 3752 δέὸ
817 3688 959 3773 Ταῦρος)
972 3684 1073 3772 μέγας
1085 3685 1142 3752 καὶ
1155 3703 1241 3769 σφο-

295 3784 371 3877 δρὸς
391 3785 592 3879 χειμάρρους
611 3792 847 3877 καταραχθείς,
869 3787 1134 3879 ἐμποδισθέντος
1152 3779 1248 3875 αύτδμ
