3134 4367
360 432 420 493 114
723 432 940 492 ΤΕΤΑΡΤΟΝ

359 611 429 674 νίαι
443 603 579 691 πάντες,
595 604 725 673 ἐοικότα
739 631 774 672 τε
788 607 980 683 ἐλπίσαντες
994 600 1050 671 διά
1062 600 1124 691 τὴν
1138 602 1318 694 προϋπάρ-

359 712 462 791 ξασαν
475 703 554 795 παρ’
571 703 678 776 αότοῦ
691 710 724 787 ἐς
738 704 800 794 τὴν
813 706 912 777 πόλιν
925 706 1042 795 τιμήν,
1059 713 1236 795 συνῆλθον
1250 704 1316 797 άμα

360 816 501 899 γονεῦσί
520 837 557 886 τε
577 812 633 879 καλ
659 808 818 897 ἀδελφοῖς
843 811 1082 898 συνηδομένοις
1103 807 1218 879 αὐτῶν
1246 826 1317 891 ταῖς

331 918 500 984 6ἐλπίσιν.
552 910 570 981 ό
591 910 626 982 δ’
647 909 843 994 Ἀντωνῖνος
863 918 1040 993 διεστῶτας
1060 908 1185 995 αὐτοὺς
1199 914 1313 1001 ἐκτῶν,

359 1017 498 1087 ἑκάστου
512 1015 738 1104 ἐφαπτόμενος
750 1018 807 1085 καλ
821 1012 924 1085 άλλον
939 1012 1019 1084 άλλο
1027 1019 1135 1103 λέγων
1148 1016 1314 1106 ἐγκώμιον
1329 1037 1342 1076 ⁵

358 1120 495 1214 παρῄει,
516 1116 585 1188 ἐστ’
607 1116 729 1200 αὐτοὺς
749 1116 826 1189 οὔτε
847 1146 878 1187 τι
897 1115 1045 1207 ὁρῶντας
1069 1116 1147 1188 οὕτε
1167 1125 1314 1211 προσδο-

357 1231 486 1302 κῶντας
499 1220 535 1291 τὸ
549 1220 785 1310 στρατιωτικὸν
798 1228 865 1290 πάν
878 1221 1096 1291 ἐκυκλώσατο.
1132 1217 1177 1303 ῶς
1191 1224 1231 1293 δὲ
1245 1226 1314 1293 ἐτε-

358 1325 504 1415 κμήρατο
524 1321 588 1413 ἤδη
608 1322 732 1405 αότοός
752 1324 837 1394 είνοιι
855 1323 947 1406 ἐντός
965 1331 1033 1393 τῶν
1052 1322 1166 1395 ὅπλων
1186 1352 1314 1416 περιει-

358 1431 545 1518 λημμένους
561 1429 617 1497 καὶ
637 1424 747 1517 ῶσπερ
768 1432 806 1498 ἐν
825 1428 974 1508 δικτύοις
992 1430 1311 1517 σεσαγηνευμένους,

357 1529 512 1602 ἐπελθῶν
526 1530 649 1613 πάντας
663 1527 762 1613 αότός
778 1530 840 1620 μὲν
860 1528 1071 1619 ὑπεξέρχεται
1087 1529 1168 1620 μεθ’
1189 1523 1230 1620 ἦς
1246 1531 1310 1621 εἶχε
1331 1560 1354 1599 ιο

358 1642 511 1724 φρουράς
524 1636 601 1723 περὶ
616 1635 753 1723 ἑαυτόν,
768 1632 830 1723 ὑφ’
848 1636 899 1705 ένλ
913 1634 950 1703 δὲ
963 1642 1088 1726 σημείῳ
1101 1635 1313 1723 προσπεσόν-

316 1735 319 1740 ⁴
357 1766 411 1819 τες
432 1738 643 1826 πανταχόθεν
665 1743 700 1807 οἱ
724 1744 921 1826 στρατιῶται
942 1734 1004 1825 τὴν
1027 1741 1064 1807 ἐν
1088 1739 1179 1830 μέσῳ
1203 1745 1314 1809 πᾶσαν

358 1847 533 1928 νεολαίαν,
549 1844 604 1910 καλ
619 1850 652 1909 εί
668 1867 756 1921 τινες
770 1837 878 1922 άλλως
891 1848 1060 1928 παρῆσαν,
1082 1842 1181 1910 παντὶ
1201 1842 1314 1935 τρόπω

360 1944 477 2032 φόνων
491 1940 704 2032 άναιροῦσιν,
719 1940 920 2032 ῶπλισμένοι
932 1971 968 2012 τε
989 1941 1135 2025 ἀόπλους
1155 1947 1213 2014 καλ
1227 1972 1313 2015 παν-

321 2061 345 2127 ,7
359 2046 503 2133 ταχόθεν
519 2046 776 2134 περιειληφότες.
829 2054 898 2115 τῶν
915 2047 953 2115 δὲ
973 2054 1184 2134 στρατιωτῶν
1204 2056 1240 2117 οἳ
1253 2049 1313 2137 μὲν
1330 2071 1352 2113 ιε

360 2148 525 2238 ἐφόνευον
545 2152 688 2236 ἔξωθεν,
709 2157 744 2219 οἳ
760 2146 792 2218 δ’
813 2146 964 2237 ῶρυττον
985 2146 1156 2238 όρόμματα
1176 2152 1314 2239 μέγιστα

360 2254 511 2333 ἕλκοντές
537 2279 572 2322 τε
593 2249 673 2333 τοὺς
692 2259 871 2334 πίπτοντας
890 2255 1086 2341 ἐνέβαλλον,
1106 2260 1314 2340 πληροῦντες

360 2355 537 2443 σωμάτων·
565 2357 622 2423 καὶ
640 2353 702 2442 τὴν
723 2362 787 2443 γῆν
803 2357 987 2443 ἐπιχέοντες
1002 2358 1158 2444 μέγιστον
1177 2353 1314 2447 ἤγειρον

360 2462 481 2546 ταχέως
494 2456 731 2546 πολυάνδριον.
753 2466 873 2529 πολλοί
884 2487 919 2527 τε
929 2461 986 2528 καλ
1002 2455 1185 2548 ἡμιθνῆτες
1198 2459 1314 2530 εἱλκό-

360 2572 508 2651 σθησαν,
523 2568 571 2631 ἐτι
585 2588 619 2631 τε
634 2558 773 2651 άτρωτοι
788 2561 1058 2650 συνεχῶσθησαν.
1079 2558 1164 2630 άλλά
1177 2560 1245 2651 μὴν
1258 2565 1314 2632 καλ
1328 2590 1352 2630 ω

330 2685 347 2739 8
361 2673 428 2735 τῶν
442 2671 652 2754 στρατιωτῶν
665 2662 728 2735 οὐκ
742 2662 850 2755 όλίμοι
863 2665 1137 2756 προσαπάλοντο·
1162 2662 1236 2735 ὅσοι
1249 2664 1313 2755 γάρ

360 2776 408 2837 ἔτι
421 2770 617 2856 ἐμπνέοντες
633 2771 689 2837 καλ
712 2770 884 2858 δυνάμεως
900 2776 1040 2857 μετρίως
1054 2775 1182 2856 ἔχοντες
1201 2790 1314 2839 συνω-

359 2878 504 2956 θοῦντο,
525 2870 799 2959 περιπλεκόμενοι
823 2879 1072 2959 σοχκαθεῖλκον
1092 2868 1226 2953 αάτοός.
1257 2899 1314 2941 το-

361 2980 478 3052 σοῦτος
494 2971 531 3040 δέ
544 2975 674 3060 ἐγένετο
689 2974 793 3061 φόνος
807 2970 851 3054 ῶς
872 2977 1020 3061 ῥείθροις
1033 2978 1167 3062 αἵματος
1182 2972 1240 3043 διά
1252 2982 1314 3045 τοῦ

361 3081 480 3146 πεδίου
494 3074 551 3155 τάς
563 3101 599 3143 τε
613 3074 750 3163 ἐκβολάς
763 3083 824 3145 τοῦ
836 3083 964 3146 Νείλου
973 3084 1127 3165 μεγίστας
1137 3074 1241 3160 οόσας
1253 3074 1312 3148 τόν
1327 3100 1351 3143 α

360 3205 396 3247 τε
408 3179 485 3267 περὶ
498 3175 560 3265 την
572 3177 671 3248 πόλιν
691 3177 844 3268 αἰγιαλόν
857 3179 964 3249 πάντα
984 3187 1213 3268 φοινιχθηναι.
1243 3208 1313 3252 τοι-

362 3288 446 3350 αῦτα
460 3278 501 3370 δὴ
509 3282 732 3371 ἐργασάμενος
740 3282 801 3371 την
810 3282 917 3370 πόλιν,
928 3279 1056 3375 άπάρας
1066 3287 1099 3363 ἐς
1110 3280 1314 3373 Ἀντιόχειαν

361 3382 510 3472 άφίκετο.
753 3421 755 3423 ·
904 3417 906 3424 ·

314 3496 352 3557 10
463 3488 672 3577 ἐπιθυμήσας
686 3486 724 3556 δέ
737 3483 808 3575 μετ’
825 3484 866 3557 οό
881 3487 968 3558 πολὺ
988 3486 1164 3578 Παρθικὸς
1177 3475 1314 3578 κληθῆ-

363 3620 418 3661 ναι
436 3594 493 3661 καὶ
514 3588 683 3679 Ῥωμαίοις
704 3593 884 3661 ἐπιστεῖλαι
907 3588 951 3674 ῶς
970 3591 1213 3688 χειρωσάμενος
1232 3590 1313 3673 τοὺς
1328 3626 1351 3666 ω

362 3694 445 3765 κατά
458 3693 519 3784 τὴν
532 3690 697 3782 άνατολὴν
710 3694 917 3785 βαρβάρους,
931 3703 1089 3783 καίτοιγε
1103 3692 1206 3785 οόσης
1221 3696 1314 3786 είρη-

261 3817 310 3891 p
323 3820 431 3885 νινης
434 3804 593 3888 βαθειας,
601 3806 788 3891 μηχανᾶται
796 3798 927 3892 τοιόνδε
939 3825 981 3869 τι.
995 3801 1176 3869 ἐπιστέλλει
1187 3806 1236 3894 τῷ
1249 3806 1314 3888 βα-
