3134 4367
299 418 338 479 74
697 416 850 476 TPITON

298 595 358 659 τοῦ
378 587 548 676 συνήθους
566 583 692 675 δρόμου
714 587 771 655 καλ
792 591 852 655 τοῦ
872 584 1031 673 ἐρύματος
1052 585 1243 674 ἐπισχόντος

298 690 333 762 τό
349 695 486 780 ῥεῖθρον
506 687 609 769 πολὺς
628 691 681 757 καὶ
696 695 804 776 βίαιος
824 688 1018 777 γενόμενος,
1039 695 1097 777 τῆς
1117 717 1152 759 τε
1174 688 1244 778 φό-

298 817 380 875 σεως
397 792 539 881 νικώσης
553 790 615 879 τὴν
630 793 747 879 τέχνην
764 790 809 881 μη
830 793 1019 880 δυναμένου
1037 799 1096 861 τοῦ
1115 800 1244 880 τείχους

298 895 446 984 ἀντέχειν
459 902 504 989 τῷ
518 895 670 985 ῥεύματι,
694 896 844 983 διέστησε
864 901 909 987 τῷ
929 891 1026 963 ὕδατι
1039 891 1111 964 κατ’
1129 892 1244 984 ὀλίγον

297 1110 465 1192 θεμελίων
478 1108 522 1194 τῷ
536 1104 661 1192 ῥείθρῳ
672 1096 729 1169 άτε
743 1097 955 1187 διάσπονδῆς
968 1102 1024 1169 καλ
1037 1097 1078 1170 οὗ
1087 1098 1159 1189 μετ’
1172 1104 1244 1172 ἐπι-

249 1244 254 1255 ·
298 1213 430 1295 μελείας
443 1206 782 1274 κατασκευασθέντων
795 1209 862 1273 πάν
876 1199 995 1291 όόφθη,
1016 1202 1076 1272 τόν
1090 1203 1128 1272 δὲ
1142 1203 1245 1273 τόπον

268 1307 431 1392 δάνοίξας
450 1304 468 1377 ὁ
487 1306 685 1395 χειμάρρους
708 1301 925 1393 ὡδοποίησεν.
958 1303 1039 1395 ὅπερ
1065 1306 1193 1388 ἰδόντες
1215 1310 1249 1375 οί

300 1414 354 1483 ἐπὶ
375 1418 435 1481 τοῦ
454 1409 612 1499 ἐρύματος
632 1409 796 1499 φύλακες,
819 1410 1025 1499 φοβηθέντες
1045 1408 1089 1497 μὴ
1111 1418 1246 1479 κυκλω-

299 1525 395 1584 θεῖεν
422 1513 706 1602 ἐκπεριελθόντων
730 1508 853 1593 αὐτοὺς
876 1520 943 1580 τῶν
971 1518 1139 1600 πολεμίων
1165 1511 1246 1602 μετὰ
1264 1538 1286 1579 ιο

299 1615 360 1707 τὴν
378 1623 440 1685 τοῦ
461 1616 641 1705 χειμάρρου
658 1612 840 1705 ἀπόρροιαν
860 1616 973 1703 μηκέτι
992 1612 1087 1696 όντος
1104 1623 1164 1685 τοῦ
1178 1644 1248 1686 κω-

300 1719 452 1805 λόοντος,
481 1718 715 1799 καταλιπόντες
734 1717 795 1807 τὴν
823 1716 976 1807 φρουράν
999 1716 1195 1807 φεύγουσιν.
1229 1715 1246 1787 ὁ

300 1824 337 1893 δὲ
351 1829 410 1891 τοῦ
425 1822 579 1912 Σεεήρου
593 1819 729 1911 στρατός
742 1818 859 1909 ἡσθείς
872 1828 917 1913 τῷ
934 1823 1119 1914 γενομένφ,
1141 1820 1199 1903 τάς
1212 1849 1247 1891 τε

299 1923 406 2011 ψυχάς
433 1926 652 2012 ἐπιρρωσθεὶς
672 1919 716 2003 ὥς
747 1931 889 2015 προνοίᾳ
910 1931 989 2015 θεία
1011 1920 1246 2013 δδηγοόμενος,

300 2028 412 2107 συνεὶς
426 2027 463 2095 δέ
476 2023 742 2114 άποδεδρακότας
759 2024 839 2106 τοὺς
853 2026 1019 2114 φύλακας,
1044 2024 1198 2117 εόμοιρως
1212 2054 1246 2096 τε
1264 2047 1286 2087 ¹5

300 2130 356 2199 καὶ
370 2126 547 2209 άκωλότως
561 2126 678 2216 διαβάς
691 2126 750 2197 τόν
767 2135 899 2218 Ταῦρον
913 2131 968 2199 ἐπὶ
979 2137 1136 2201 Κιλικίαν
1149 2126 1248 2221 ἠπεί-

302 2259 387 2321 γετο.

272 2343 292 2401 4
402 2331 420 2405 ὁ
434 2334 470 2403 δέ
484 2340 611 2423 Νίγρος
623 2331 744 2422 μαθων
756 2330 797 2403 τά
809 2334 990 2424 συμβάντα,
1005 2334 1133 2425 πολλὴν
1146 2358 1249 2428 στρα-

300 2436 375 2509 τιάν
388 2435 568 2527 ἀθροίσας,
583 2434 669 2525 πλὴν
684 2434 823 2525 άπειρον
836 2439 938 2526 μάχης
952 2440 1008 2507 καὶ
1017 2437 1151 2527 πόνων,
1167 2438 1249 2528 μετὰ

301 2546 450 2629 σπουδῆς
468 2537 529 2629 τὴν
545 2548 685 2627 πορείαν
705 2543 862 2610 ἐποιεῖτο·
890 2538 976 2611 πολὺ
991 2542 1052 2631 γάρ
1067 2570 1099 2611 τι
1119 2550 1249 2631 πλῆθος
1265 2570 1290 2610 ω

301 2646 358 2714 καὶ
370 2647 490 2732 σχεδόν
503 2650 591 2713 πάσα
610 2639 631 2732 ἡ
651 2649 784 2713 νεολαία
803 2652 871 2714 των
887 2640 1080 2732 Ἀντιοχέων
1100 2648 1133 2725 ἐς
1147 2667 1250 2737 στρα-

302 2754 394 2817 τείαν
408 2750 463 2816 καὶ
478 2745 537 2816 τὸν
550 2744 634 2837 ὑπὲρ
655 2744 759 2817 αὐτοῦ
773 2753 935 2818 κίνδυνον
950 2750 1115 2817 ἐπέδωκεν
1132 2745 1248 2838 αὑτήν.

301 2848 339 2919 τὸ
360 2849 422 2938 μὲν
445 2839 508 2917 οὖν
533 2848 711 2938 πρόθυμον
729 2857 789 2918 τοῦ
810 2856 951 2940 στρατοῦ
977 2846 1125 2940 ὑπῆρχεν
1145 2848 1249 2945 αὐτῷ,

301 2958 363 3020 τοῦ
382 2951 420 3019 δέ
445 2953 603 3041 ἐμπείρου
627 2953 684 3022 καὶ
704 2958 862 3041 γενναίου
884 2949 969 3021 πολὺ
989 2960 1057 3023 τῶν
1078 2951 1250 3043 Ἰλλυριῶν

273 3050 491 3126 νάπέλειπον.
525 3054 717 3141 συνέρχεται
739 3054 780 3141 δὴ
795 3056 1002 3142 ἑκατέρωθεν
1021 3052 1039 3125 ὁ
1060 3055 1200 3143 στρατός
1217 3061 1249 3141 ἐς
1266 3084 1289 3126 ω

301 3154 338 3225 τό
352 3153 435 3224 κατά
450 3152 509 3224 τὸν
518 3151 658 3225 Ἰσσικδν
670 3156 877 3244 καλούμενον
893 3157 1018 3228 κόλπον
1031 3165 1149 3228 πεδίον
1163 3170 1250 3230 πλα-

303 3256 444 3327 τότατόν
456 3285 492 3326 τε
505 3259 562 3327 καὶ
574 3260 845 3347 ἐπιμηκέστατον,
868 3250 894 3352 ᾦ
908 3268 1089 3349 περίκειται
1109 3262 1172 3350 μὲν
1192 3264 1250 3335 λό-

302 3386 366 3449 φος
386 3361 419 3440 ἐς
440 3351 586 3449 θεάτρου
610 3369 732 3450 σχῆμα,
760 3361 908 3451 αἰγιαλὸς
934 3364 972 3433 δὲ
998 3366 1052 3433 ἐπὶ
1078 3365 1250 3455 θαλάσσης

302 3463 452 3552 μέγιστος
466 3467 661 3551 ἐκτείνεται,
684 3459 794 3551 ὥσπερ
812 3473 868 3555 τῆς
882 3467 1014 3554 φάσεως
1034 3471 1250 3559 εἰργασμένης

272 3564 440 3642 3στάδιον
461 3566 572 3655 μάχης.
606 3571 675 3638 ἐκεῖ
694 3570 776 3656 φασδ
800 3571 856 3639 καλ
875 3580 1023 3658 Δαρεῖον
1043 3566 1249 3665 Ἀλεξάνδρφ
1265 3602 1289 3643 ιο

303 3666 366 3756 την
384 3663 528 3757 ὑστάτην
547 3671 603 3738 καὶ
622 3676 778 3759 μεγίστην
793 3673 900 3761 μάχην
921 3672 1134 3761 συμβαλόντα
1150 3671 1250 3764 ἡττη-

302 3777 411 3860 θῆναί
419 3799 455 3843 τε
468 3774 525 3842 καὶ
543 3769 684 3863 ἁλῶναι,
705 3781 773 3844 τῶν
787 3771 850 3845 άπὸ
870 3782 937 3844 των
958 3771 1118 3871 άρκτηόων
1137 3784 1249 3871 μερῶν
