3134 4367
311 421 373 486 202
706 424 879 487 ΟΓΔΟΟΝ

310 599 413 684 λέμου
430 595 492 685 μὲν
517 594 653 686 εἰρήνην
673 601 804 684 ἔχοντες
824 594 907 686 πρὸς
928 593 1032 677 θεοὺς
1053 592 1113 679 οὓς
1135 594 1266 687 ὀμωμό-

310 726 407 785 κατε,
421 700 478 767 καὶ
491 704 557 769 νῦν
571 698 800 788 φυλάσσοντες
813 697 873 769 τὸν
894 699 1134 792 στρατιωτικὸν
1155 698 1265 793 ὅρκον,

311 799 347 883 ὅς
363 804 432 871 ἐστι
451 809 509 890 τῇς
522 799 690 891 Ῥωμαίων
708 800 810 891 άρχής
828 802 953 892 σεμνὸν
973 803 1168 893 μυστήριον.
1209 803 1266 894 χρὴ

311 905 350 975 δὲ
363 901 449 994 ὐμάς
462 906 519 974 καί
535 913 595 975 τοῦ
608 913 729 975 λοιποῦ
746 905 803 975 διὰ
823 904 947 987 παντὸς
966 905 1098 976 τούτων
1118 904 1267 978 άπολαύ-

311 1036 378 1096 ειν,
392 1005 433 1078 τὰ
455 1006 555 1078 πιστά
573 1016 757 1098 τηροῦντας
771 1006 941 1097 Ῥωμαίοις
962 1037 997 1079 τε
1017 1011 1074 1079 καί
1094 1010 1290 1104 συγκλήτφε

194 1152 196 1159 ·
311 1112 368 1182 καί
381 1108 645 1200 αὐτοκράτορσιν
658 1108 748 1200 ἡμῖν,
756 1108 815 1192 οὓς
829 1115 862 1195 ἐξ
879 1109 1050 1199 εὐγενείας
1063 1115 1121 1182 καί
1136 1121 1267 1184 πολλῶν

311 1214 465 1303 πράξεων
484 1217 540 1283 καί
559 1222 687 1303 μακράς
712 1221 869 1303 διαδοχῆς
887 1212 999 1305 ὐσπερ
1026 1212 1099 1286 κατ’
1126 1213 1267 1286 άκολου-

311 1324 396 1387 θίαν
416 1319 587 1390 ἐπὶτοῦτο
608 1315 796 1407 ἀναβάντας
815 1325 991 1407 κρίναντες
1011 1314 1029 1388 δ
1049 1325 1155 1408 δήμος
1175 1317 1267 1407 καὶὴ

280 1420 496 1509 5σύγκλητος
525 1423 734 1504 ἐπελέξατο.Ῡ
768 1419 896 1510 οὐγὰρ
928 1420 1002 1503 ἑνὸς
1028 1418 1154 1511 άνδρὸς
1182 1429 1268 1493 ἰδιον

311 1530 419 1612 κτήμα
432 1521 452 1612 ἡ
463 1521 558 1612 άρχή,
569 1521 652 1595 άλλά
666 1521 782 1595 κοινὸν
796 1532 857 1594 τοῦ
871 1522 1041 1613 Ῥωμαίων
1056 1524 1167 1613 δήμου
1181 1523 1267 1596 άνω-
1282 1552 1301 1592 ιι

310 1628 463 1715 θεν,καί
478 1629 515 1696 ἐν
535 1631 647 1719 ἐκείνη
666 1635 706 1718 τῇ
721 1628 816 1698 πόλει
837 1624 857 1716 ἡ
874 1635 932 1717 τῆς
951 1622 1121 1717 βασιλείας
1137 1634 1267 1719 ἵδρυται

310 1730 409 1819 τάχη·
433 1728 527 1820 ἡμεῖς
541 1732 579 1801 δὲ
593 1738 735 1802 διοικεῖν
748 1733 805 1801 καί
821 1733 949 1801 διέπειν
963 1729 1003 1801 τά
1016 1738 1074 1819 τής
1089 1728 1193 1821 άρχής
1207 1731 1268 1802 σύν

309 1829 392 1922 ὑμῖν
409 1837 693 1924 έγιιεχειρίσμεθα.
725 1843 830 1904 ταῦτα
850 1835 888 1904 δὲ
906 1832 977 1923 μετ’
996 1831 1149 1917 εὐταξίας
1162 1864 1200 1905 τε
1216 1837 1269 1906 καί

310 1936 437 2024 κόσμου
451 1937 512 2005 τοῦ
525 1940 717 2025 πρέποντος,
732 1943 850 2017 αἰδοῦς
866 1965 901 2007 τε
916 1940 973 2007 καὶ
986 1944 1080 2026 τιμής
1095 1937 1181 2027 πρὸς
1194 1937 1268 2019 τούς

309 2036 488 2126 άρχοντας,
509 2035 591 2127 ὐμῖν
610 2039 672 2127 μὲν
694 2036 878 2129 εὐδαίμονα
897 2042 954 2109 καί
974 2039 1110 2110 πάντων
1127 2038 1267 2129 άνενδεή
1282 2062 1301 2103 15

309 2144 443 2229 παρέξει
462 2147 555 2230 βίον,
574 2158 644 2222 τοῖς
665 2138 699 2211 δ’
722 2140 835 2224 ἄλλοις
854 2151 956 2212 πᾶσιν
975 2140 1171 2233 ἀνθρώποις
1188 2143 1268 2216 κατά

310 2272 346 2314 τε
361 2250 446 2332 ἔθνη
461 2246 518 2314 καὶ
531 2245 614 2314 κατά
626 2244 739 2326 πόλεις
754 2246 892 2335 εἰρήνην
904 2248 961 2317 καί
975 2246 1057 2336 πρὸς
1070 2246 1150 2330 τούς
1164 2246 1266 2339 ἡγου-

310 2348 432 2436 μένους
444 2348 563 2418 πειθοί.
594 2347 763 2437 βιάσεσθέ
775 2378 811 2420 τε
825 2351 882 2419 καί
895 2347 979 2420 κατὰ
992 2349 1131 2440 γνώμην
1149 2355 1189 2422 έν
1202 2367 1267 2433 τοῖς

280 2467 298 2521 6
313 2457 467 2540 οἰκείοις,
482 2448 544 2521 οὐκ
559 2454 595 2521 έν
609 2450 781 2543 άλλοδαπή
791 2460 1077 2535 κακοπαθοῦντες.
1130 2451 1219 2545 ὑπὲρ
1232 2456 1267 2525 δὲ

310 2562 370 2625 τοῦ
384 2557 441 2625 καί
454 2553 495 2625 τά
513 2554 667 2645 βάρβαρα
687 2552 863 2644 ἡσυχάζειν
883 2563 985 2646 έθνη,
1009 2555 1066 2626 διὰ
1087 2565 1267 2647 φροντίδος
1279 2585 1301 2625 α

308 2654 403 2747 ἡμεῖς
416 2661 542 2747 ἕξομεν.
570 2659 633 2729 δύο
654 2659 717 2748 μὲν
735 2659 799 2749 γάρ
820 2657 930 2730 ὅντων
944 2661 1110 2749 βασιλέων
1125 2658 1267 2752 εὐμαρέ-

309 2784 429 2851 στερον
451 2763 508 2831 καί
525 2760 566 2831 τὰ
585 2766 622 2832 έν
641 2769 681 2852 πή
700 2759 805 2853 Ῥώμη
820 2763 1024 2852 διοικήσεται
1037 2766 1093 2833 καί
1114 2776 1149 2835 εἰ
1167 2795 1200 2837 τι
1214 2768 1266 2836 ἐπὶ

308 2871 367 2952 τής
381 2862 570 2952 άλλοδαπής
583 2869 726 2953 ἐπείγοι,
740 2866 824 2954 πρὸς
837 2864 899 2954 τὴν
911 2874 1027 2954 χρείαν
1040 2863 1096 2936 άεί
1110 2896 1172 2939 του
1186 2868 1267 2958 πρὸς

308 2964 349 3036 τά
365 2974 532 3035 καλοῦντα
547 2970 670 3058 ῥηιδίως
684 2967 857 3055 παρόντος.
874 2972 961 3057 μηδέ
972 2998 1021 3050 τις
1028 2966 1127 3058 ὐμῶν
1143 2976 1266 3043 οἰέσθω

309 3076 378 3139 τῶν
391 3071 635 3158 πεπραγμένων
650 3067 741 3139 εἰναί
757 3097 831 3140 τινα
845 3071 994 3162 μνήμην,
1009 3083 1075 3142 είτε
1090 3070 1154 3165 ὐφ’
1171 3072 1266 3165 ἡμῶν
1280 3098 1300 3139 ω

309 3172 524 3255 (ἐκελεύεσθε
548 3171 628 3261 γάρ)
652 3181 718 3242 εἴτε
738 3169 805 3243 ὑπὸ
831 3170 1001 3264 Ῥωμαίων
1022 3171 1132 3264 ἡτῶν
1155 3176 1266 3249 άλλων

309 3277 439 3362 ἐθνῶν,
462 3283 496 3345 οἳ
516 3271 733 3363 άδιιιούμενοι
756 3272 961 3366 άπέστησαν·
989 3276 1074 3349 άλλά
1094 3280 1159 3371 γάρ
1184 3290 1265 3354 ἒστω

308 3376 445 3448 πάντων
461 3373 641 3467 άμνηστία,
656 3381 713 3449 καί
731 3384 874 3450 σπουδαὶ
897 3390 1010 3470 φιλίας
1025 3390 1187 3475 βεβαίου,
1209 3383 1265 3457 εὐ-

308 3487 402 3562 νοίας
415 3508 451 3551 τε
464 3483 520 3552 καί
535 3478 713 3571 εὐκοσμίας
726 3490 834 3565 πίστις
846 3482 1007 3567 αίοίνιος.”

275 3607 293 3660 7
410 3582 548 3655 τοιαῦτά
569 3613 644 3655 τινα
665 3585 770 3656 εἰπάν
791 3584 809 3657 ὁ
828 3587 998 3678 Μάξιμος,
1016 3587 1121 3677 νομάς
1136 3617 1172 3659 τε
1185 3618 1266 3679 χρη-
1280 3620 1302 3659 ω

284 3687 413 3774 μάτων
420 3689 697 3785 μεγαλοφρόνως
706 3688 825 3773 αὐτοῖς
840 3688 1175 3780 ἐπαχγεῖλαςβλῖηωο
1189 3691 1265 3778 ἡρε-

268 3798 352 3877 ρεῑν
365 3801 564 3896 διατρίψας
570 3804 611 3877 ἐν
627 3808 671 3897 τῇ
686 3790 933 3894 Ἀιιυληίηιτὴν
942 3788 1116 3876 ὲςῬοόμηυ
1132 3788 1292 3856 ἐπάνοδον
