3134 4367
670 432 885 494 ΕΒΔΟΜΟΝ
1196 434 1254 496 167

293 603 361 674 εἰσί
375 600 414 672 δὲ
426 600 484 671 καὶ
497 599 625 690 πρόςτὸ
639 599 802 690 νήχεσθαι
811 606 1075 694 γεγυμνασμένοι
1089 602 1146 677 ἀτε
1159 607 1252 700 μόνῳ
1265 627 1282 681 6

294 710 430 798 λουτρῷ
444 718 513 784 τοῖς
526 720 685 793 ποταμοῖς
698 705 873 794 χρεόμενοι.
981 768 984 773 ,

398 808 477 897 περὶ
493 810 605 878 ἐκεῖνα
619 797 683 877 οόν
696 808 837 897 μάλιστα
855 807 895 880 τά
913 816 1018 900 χωρία
1038 814 1076 879 αί
1091 814 1254 901 συμβολαὶ

295 914 464 1001 ἐγίνοντο·
480 916 565 980 ἔνθα
578 912 635 981 καὶ
648 912 866 999 γενναιότατα
880 908 981 993 αὐτὸς
995 907 1013 981 ό
1027 912 1184 1002 βασιλεύς
1197 920 1255 1003 τῆς

263 1013 400 1104 εμάχης
424 1003 533 1103 ἦρξεν.
579 1016 635 1084 ἐπὶ
656 1015 719 1104 γάρ
741 1042 808 1085 τινι
827 1019 895 1086 ἕλει
918 1022 1080 1109 μεγίστω,
1103 1022 1172 1086 τῶν
1193 1017 1254 1105 μέν

292 1124 480 1206 Γερμανῶν
495 1120 528 1198 ἐς
541 1112 624 1187 αύτὸ
638 1113 906 1206 ἀναχωρούντων
915 1118 1081 1208 έςφυγήν,
1096 1123 1129 1202 ἐς
1141 1122 1256 1201 δίωξιν

294 1220 333 1291 δέ
347 1216 517 1308 Ῥωμαίων
526 1222 734 1292 ἐπεισελθεῖν
748 1217 959 1309 ὀκνούντων,
970 1230 1098 1313 πρῶτος
1111 1218 1130 1290 ὁ
1145 1225 1224 1305 Μαξ
1239 1266 1257 1276 -

293 1338 392 1413 μῖνος
408 1321 475 1411 ἅμα
489 1329 535 1416 τῷ
554 1327 645 1416 ἵππῳ
665 1321 821 1413 ἐμβαλῶν
840 1327 874 1407 ἐς
893 1322 930 1395 τό
944 1327 1034 1413 ἕλος,
1048 1331 1156 1396 καίτοι
1170 1319 1264 1412 ὑπὲρ

294 1429 440 1517 γαστέρα
467 1433 528 1496 τού
555 1430 660 1497 ἵππου
687 1430 908 1516 βρεχομένου,
936 1425 1016 1509 τούς
1042 1424 1256 1508 ἀνθεστῶτας

255 1556 279 1596 ιο
295 1529 462 1619 ἐφόνευσε
483 1530 693 1619 βαρβάρους,
713 1525 758 1611 ῶς
778 1529 837 1601 τόν
856 1529 974 1602 λοιπόν
998 1530 1141 1622 στρατόν
1160 1537 1284 1602 alde-7

293 1634 421 1705 σθέντα
445 1638 633 1723 προδοῦναι
658 1632 848 1721 μαχόμενον
874 1630 961 1721 ὑπὲρ
984 1631 1097 1704 αύτῶν
1118 1637 1255 1724 βασιλέα

293 1742 459 1825 τολμῆσαί
472 1763 508 1805 τε
528 1737 669 1817 καὶτοῖς
687 1739 800 1806 ἕλεσιν
819 1739 1045 1824 ἐπεισελθεῖν,
1064 1736 1151 1808 πολύ
1170 1740 1210 1808 δέ
1224 1766 1255 1808 τι

294 1847 427 1928 πλῆθος
445 1840 656 1927 ἑκατέρωθεν
678 1854 811 1928 πεσεῖν,
834 1841 891 1910 καὶ
913 1835 1082 1928 Ῥωμαίων
1103 1840 1192 1929 μέν.
1218 1894 1254 1909 ..

294 1950 364 2014 τῶν
376 1942 415 2013 όέ
434 1942 617 2032 βαρβάρων
637 1938 759 2030 σχεδόν
779 1940 842 2032 τήν
859 1941 933 2013 τότε
953 1949 1129 2034 παροῦσαν
1147 1943 1255 2014 όύνα-

254 2077 280 2119 ιε
294 2074 371 2137 μιν,
399 2042 632 2135 ἀριστεύοντος
654 2033 777 2133 αὐτοῦ,
802 2042 847 2127 ῶς
870 2044 908 2115 τό
934 2073 971 2116 τε
993 2049 1067 2127 ἕλος
1092 2046 1259 2137 σωμάτωνι

292 2155 526 2239 πληρωθῆναι,
541 2149 602 2238 τήν
614 2176 650 2217 τε
663 2156 785 2238 λίμνην
793 2154 906 2239 αὲματι
920 2159 1145 2241 κερασθεῖσαν
1158 2159 1254 2236 πεζο-

293 2258 456 2343 μαχούντι
473 2258 604 2345 στρατῷΙ
614 2259 799 2341 ναυμαχίας
811 2250 892 2335 όιγιν
906 2268 1097 2344 παρασχεῖν.
1126 2250 1251 2343 ταύτην
1267 2271 1284 2325 8

292 2354 357 2446 τήν
383 2356 492 2444 μάχην
513 2357 570 2426 καὶ
590 2352 653 2446 τήν
672 2352 844 2444 ἀριστείαν
869 2352 976 2426 αὑτοῦ
1002 2353 1045 2425 ού
1070 2356 1175 2444 μόνον
1199 2355 1254 2426 διά

294 2458 499 2550 γραμμάτων
512 2466 553 2549 τῇ
566 2485 602 2528 τε
621 2458 797 2552 συγκλήτῳ
816 2460 873 2534 καὶ
893 2465 939 2552 τῷ
961 2459 1055 2551 δήμῳ
1075 2458 1280 2547 ἐδήλωσεν·

253 2586 280 2628 το
295 2559 382 2634 ἀλλά
398 2565 455 2632 καὶ
467 2568 638 2651 γραφῆναι
659 2561 820 2642 κελεύσας
838 2568 1008 2651 μεγίσταις
1029 2559 1157 2631 είκόσιν
1176 2558 1255 2631 ἀνέ-

292 2676 383 2755 θηκε
398 2664 464 2753 πρὸ
486 2672 547 2735 τοῦ
570 2670 831 2754 βουλευτηρίου,
854 2661 974 2753 ἵναμή
993 2662 1098 2751 μόνον
1117 2659 1255 2733 ἀκούειν

292 2766 336 2840 τά
353 2768 518 2857 γενόμενα
531 2765 615 2838 ἀλλά
628 2768 685 2836 καί
698 2768 836 2856 βλέπειν
853 2773 951 2855 ἔχωσι
965 2763 1125 2855 Ῥωμαῖοι.
1145 2763 1207 2856 τήν
1220 2762 1252 2836 δ’

293 2872 410 2952 εἰκόνα
423 2868 565 2961 ὕστερον
577 2878 738 2941 καθεῖλεν
757 2866 778 2959 ἡ
800 2869 984 2960 σύγκλητος
997 2866 1079 2959 μετὰ
1098 2876 1166 2940 τῶν
1184 2880 1254 2941 λοι-

293 2982 370 3048 πῶν
383 2972 490 3045 αὐτοῦ
503 2981 619 3063 τιμῶν.
649 2973 808 3063 γεγόνασι
822 2974 860 3045 δέ
876 2976 933 3044 καὶ
953 2978 1063 3064 ἕτεραι
1078 2981 1254 3063 συμβολαί,

254 3111 279 3154 σε
296 3082 335 3150 ἐν
351 3072 405 3157 οἷς
419 3074 463 3158 ῶς
476 3074 663 3167 αύτουρχός
683 3105 719 3147 τε
737 3080 795 3148 καὶ
814 3075 968 3167 αὐτόχειρ
986 3084 1045 3166 τῆς
1063 3075 1166 3166 μάχης
1180 3075 1256 3166 ἀρι-

294 3181 426 3252 στεύων
440 3209 475 3250 τε
488 3188 658 3269 πανταχοῦ
672 3184 836 3271 ἐπηνεῖτο.
888 3180 1031 3261 πολλοὺς
1041 3180 1079 3250 δὲ
1091 3180 1253 3269 χειρωσά-
1267 3192 1284 3245 9

293 3311 396 3376 μενος
408 3281 522 3354 αὐτῶν
535 3284 762 3373 αίχμαλῶτους
771 3288 829 3355 καὶ
837 3290 932 3354 λείαν
941 3280 1118 3372 ἀπελάσας,
1132 3291 1254 3374 χειμῶ-

293 3417 355 3470 νος
367 3382 434 3477 ήδη
448 3387 760 3475 καταλαμβάνοντος
775 3391 967 3476 ἐπανῆλθεν
981 3390 1014 3468 ἐς
1026 3394 1193 3476 Παίονας,
1217 3393 1255 3458 ἐν

295 3518 332 3562 τε
346 3497 481 3584 Σιρμίμ
493 3496 686 3579 διατρίβων,
700 3496 740 3579 τή
753 3498 892 3582 μεγίστη
906 3492 976 3561 ἐκεῖ
987 3488 1083 3562 πόλει
1097 3489 1255 3579 ὃοκούση,

259 3619 284 3664 ιο
295 3594 337 3666 τά
353 3592 438 3684 πρὸς
451 3591 514 3682 τήν
529 3598 661 3664 εἴσοδον
670 3595 703 3673 ἐς
715 3591 752 3663 τὸ
767 3600 826 3684 ἐαρ
841 3593 1112 3680 παρεσκευάζετο.
1127 3590 1256 3682 ἠπείλει

295 3697 361 3788 γάρ
375 3699 447 3783 (καί
459 3695 612 3785 ποιήσειν
625 3702 777 3785 ἔμελλεν)
792 3695 947 3779 ἐκκόψειν
962 3723 998 3767 τε
1011 3698 1067 3766 καὶ
1080 3692 1256 3777 ύποτάξειν

295 3799 336 3872 τά
348 3802 463 3892 μέχρις
477 3796 629 3874 ὠκεανοῦ
641 3806 826 3893 Γερμανῶν
836 3806 925 3893 ἐθνη
936 3798 1107 3893 βάρβαρα.
