3134 4367
340 437 379 497 76
742 438 893 499 TPITON

340 612 531 682 διωκόντων
544 614 671 681 ίππέων
684 611 741 680 καλ
755 611 962 698 συλληφθεὶς
972 607 1034 699 τὴν
1041 605 1192 697 κεφαλὴν
1205 602 1290 676 άπε-

339 715 459 804 τμήθη.

310 841 325 895 7
441 821 526 888 τέλει
538 814 600 904 μὲν
609 813 650 903 δὴ
663 814 802 906 τοιούτῳ
815 810 833 885 ὁ
846 823 974 905 Νίγρος
987 814 1155 903 ἐχρήσατο,
1166 813 1290 903 μελλή-

339 942 421 1001 σεως
434 923 490 990 καὶ
502 923 706 1010 βραδυτῆτος
720 916 801 998 δούς
820 923 929 1004 δίκας,
949 915 990 987 τά
1010 914 1110 1004 άλλα,
1126 914 1170 997 ῶς
1192 938 1287 1006 φασι,

337 1024 514 1113 γενόμενος
533 1020 578 1109 μὴ
598 1026 727 1108 φαῦλος
747 1016 944 1110 ἅνθρωπος,
967 1020 1048 1108 μήτε
1067 1016 1180 1110 ἅρχων
1205 1020 1287 1109 μήτε
1303 1058 1316 1097 ς

338 1127 486 1216 λδιῶτης·
516 1121 534 1193 ὁ
559 1124 597 1193 δέ
616 1129 765 1212 Σευῆρος
787 1121 944 1194 καθελῶν
963 1121 1022 1194 τὸν
1039 1132 1188 1212 Νέχρον,
1209 1121 1290 1204 τούς

337 1231 400 1319 μὲν
413 1238 533 1318 φίλους
546 1223 668 1313 αύτοῦ,
683 1228 740 1295 καλ
753 1237 787 1296 ελ
796 1254 883 1309 τινες
896 1224 937 1297 ού
950 1227 1054 1315 μόνον
1074 1231 1110 1297 έκ
1130 1229 1290 1316 προαιρέ-

336 1355 420 1413 σεως
445 1327 529 1402 άλλά
554 1325 600 1399 δι’
627 1326 773 1418 άνάχκης
799 1334 1001 1420 προσέθεντο
1029 1327 1137 1422 αύτῷ,
1163 1328 1291 1411 πάντας

337 1433 484 1525 άφειδῶς
503 1432 654 1521 ἐκόλασε,
676 1430 754 1513 τούς
777 1433 815 1503 δὲ
836 1433 1050 1522 στρατιώτας,
1073 1430 1146 1503 ὅσοι
1168 1438 1286 1503 διαδε-

336 1538 518 1628 δράκεσαν,
536 1535 791 1624 πυνθανόμενος
809 1539 1070 1626 περαιουμένους
1090 1534 1150 1605 τὸν
1167 1543 1285 1626 Τι’χρι-
1302 1565 1326 1609 ιο

336 1647 379 1712 δα
392 1641 540 1731 ποταμὸν
556 1640 612 1710 διά
624 1667 660 1709 τε
672 1636 709 1707 τὸ
722 1643 759 1708 ἐκ
773 1639 928 1729 Σεοήρου
944 1642 1017 1720 δέος
1026 1635 1184 1719 άπιύντας
1195 1637 1280 1729 πρὸς

336 1743 414 1827 τούς
424 1744 623 1835 βαρβάρους,
638 1737 723 1832 <ού>
733 1741 858 1823 πάντας
871 1740 973 1831 ἥχαχε
988 1740 1068 1822 δούς
1082 1738 1279 1830 άμνηστίαν.

306 1872 324 1927 8
337 1845 423 1918 πολύ
430 1846 494 1937 γάρ
501 1841 748 1934 πληθοςαύτῶν
758 1841 968 1935 άνεχῶρησεν
974 1849 1007 1925 ἐς
1014 1843 1075 1933 τὴν
1082 1842 1291 1934 ἀλλοδαπήν,

333 1946 416 2038 ὅπερ
429 1951 486 2018 καὶ
499 1948 638 2037 μάλιστα
651 1957 758 2016 αλτιον
771 1949 900 2036 ἐγένετο
913 1947 1122 2037 μαχιμῶτερα
1138 1944 1284 2037 ὕστερον

334 2054 494 2141 γενέσθαι
507 2049 591 2140 πρὸς
604 2048 664 2137 τὴν
677 2050 846 2138 συστάδην
866 2051 973 2139 μάχην
983 2048 1151 2140 Ῥωμαίων
1164 2048 1205 2119 τά
1215 2058 1328 2128 τῶνιιι

334 2156 487 2225 ἐπέκεινα
501 2151 688 2242 βαρβάρων.
723 2152 885 2241 πρότερον
904 2153 965 2242 μὲν
978 2153 1042 2244 γάρ
1058 2154 1209 2237 τοξεύειν
1223 2153 1287 2244 μό-

333 2285 396 2327 νον
405 2261 517 2337 ἵπποις
530 2254 747 2343 ἐποχούμενοι
761 2252 896 2345 ᾔδεσαν,
904 2257 985 2345 μήτε
993 2264 1161 2348 πανοπλία
1174 2256 1288 2346 φράσ-

235 2421 238 2425 .
333 2381 447 2440 σοντες
464 2356 587 2440 αύτούς
601 2358 682 2447 μήτε
700 2365 741 2449 τῇ
760 2357 817 2428 διά
836 2360 986 2448 δοράτων
1001 2362 1057 2430 καλ
1070 2362 1178 2448 ξιφῶν
1194 2370 1285 2449 θαρ-

334 2469 473 2554 ροῦντες
484 2462 586 2553 μάχη,
599 2460 744 2549 κούφαις
757 2462 860 2545 δὲκαὶ
873 2464 1147 2553 παρηωρημέναις
1159 2466 1281 2552 ἐσθῆσι

333 2565 569 2657 κοσμούμενοι·
584 2562 773 2635 τὰπλεῖστα
787 2572 870 2654 χοῦν
885 2565 1066 2654 φεύγοντες
1082 2568 1115 2646 ἐς
1128 2562 1279 2636 τούπίσω
1297 2598 1325 2639 το

303 2700 321 2756 9
335 2696 371 2739 τε
384 2669 575 2753 τοξεύοντες
588 2667 756 2756 ἐμάχοντο.
808 2674 875 2738 τῶν
891 2669 929 2739 δὲ
942 2667 1105 2758 φυχάδων
1123 2692 1287 2760 στρατιω·

334 2780 418 2859 τῶν,
433 2780 567 2842 πολλῶν
582 2799 618 2840 τε
635 2776 672 2842 ἐν
686 2768 799 2853 αύτοϊς
818 2779 985 2860 τεχνιτῶν,
999 2767 1079 2861 παρ’
1101 2768 1216 2853 αύτοῑς
1227 2800 1287 2861 χε-

333 2876 484 2963 υομένων
496 2876 552 2943 καλ
568 2872 626 2943 τὸν
646 2878 717 2944 ἐκεῖ
732 2881 809 2962 βίον
823 2876 1005 2962 ἑλομένων,
1027 2870 1068 2944 ού
1083 2874 1189 2963 μόνον
1202 2881 1286 2965 χρη-

332 2989 414 3049 σθαι
428 2974 511 3045 άλλά
524 2978 579 3045 καλ
593 2976 788 3064 ἐργάζεσθαι
797 2971 882 3045 ὅπλα
895 2975 1129 3066 ἐδιδάχθησαν.

304 3104 323 3164 5
437 3079 607 3168 διοικήσας
621 3078 658 3147 δὲ
672 3074 690 3146 ὁ
704 3085 854 3167 Σευῆρος
868 3077 907 3147 τά
921 3082 976 3149 ἐπὶ
985 3086 1042 3168 τῆς
1054 3076 1226 3169 άνατολῆς,
1238 3075 1283 3161 ῶς
1300 3114 1325 3156 μ

334 3181 427 3276 ᾤετο,
442 3178 559 3272 άριστα
572 3182 629 3251 καὶ
643 3183 749 3273 ἑαυτῷ
767 3183 1028 3270 λυσιτελέστατα,
1043 3180 1209 3272 ἠθέλησεν
1224 3179 1285 3253 εύ-

332 3289 421 3366 θέως
440 3281 582 3374 ὁρμῆσαι
610 3285 665 3354 ἐπὶ
685 3282 745 3353 τὸν
760 3281 928 3373 Ἀτρηνῶν
949 3288 1085 3376 βασιλέα
1110 3292 1144 3367 ές
1162 3313 1199 3356 τε
1218 3289 1281 3375 τὴν

331 3396 542 3479 Παρθυαίων
555 3395 619 3477 γῆν
639 3392 811 3475 διαβῆναι·
833 3387 980 3481 ἐνεκάλει
1000 3388 1065 3479 γάρ
1082 3386 1283 3480 άμφοτέροις

332 3500 449 3583 φιλίαν
461 3499 605 3583 Νίχρον.
633 3486 716 3561 άλλά
730 3491 907 3579 ταῦταμὲν
920 3495 953 3574 ἐς
967 3488 1108 3582 ὕστερον
1123 3490 1276 3581 άνέθετο,

332 3602 465 3686 πρῶτον
480 3595 518 3666 δὲ
531 3601 640 3665 πᾶσαν
652 3590 714 3682 τὴν
733 3589 840 3685 άρχην
852 3589 1019 3683 Ῥωμαίων
1038 3600 1070 3678 ἐς
1091 3594 1212 3666 ἑαυτὸν
1226 3597 1283 3665 καλ
1298 3626 1322 3669 ιο

331 3698 411 3781 τούς
426 3704 546 3780 παῖδας
565 3712 762 3788 μεταχαχεῑν
781 3698 838 3767 καλ
854 3699 1103 3788 βεβαιῶσασθαι
1123 3696 1280 3789 ἠθέλησε.

289 3804 568 3892 κκαθχρημένοο
592 3799 657 3895 χάρ
678 3807 739 3871 τού
758 3806 892 3892 Νίγρου
907 3798 1045 3892 ὀχληρὸς
1060 3804 1117 3872 καλ
1130 3802 1283 3896 περιττὸς
