3134 4367
699 437 873 500 ΟΓΑΟΟΝ
1186 435 1251 499 ’201

291 608 354 680 τόν
382 608 592 700 ἱππόδρομον
617 612 821 691 συνθέοντες
847 606 960 699 ὥσπερ
986 610 1255 699 ἐκκλησιάζοντες

292 719 416 805 γωρίφ.
449 708 468 781 ό
488 713 527 783 δὲ
546 720 711 801 Βαλβῖνος
735 715 793 783 καὶ
809 710 912 794 αὐτὸς
932 713 1116 802 ἑκατόμβας
1135 722 1252 801 ἐθνεν,

293 812 398 904 άρχαί
410 842 447 885 τε
459 822 562 885 πᾶσαι
575 818 632 885 καί
644 815 838 905 σύγκλητος,
849 816 985 897 ἕκαστός
996 843 1034 886 τε
1047 812 1159 907 όόσπερ
1168 814 1253 887 άπο-

293 918 488 1006 σεισάμενος
508 920 653 989 πίλεκυυ
667 935 735 999 τοῖς
759 916 897 1007 αόχίσιν
918 921 1128 1008 ἐπικείμενον
1147 917 1254 1008 άπερ-

262 1029 538 1113 ιενφραίνοντο·
576 1029 610 1103 ἐς
636 1049 674 1092 τε
699 1020 741 1091 τά
760 1028 845 1111 ἐθνη
865 1019 999 1112 άγγελοι
1024 1025 1082 1092 καί
1111 1023 1255 1113 κήρυκες

294 1125 513 1215 δαφνηφόροι
526 1126 758 1213 διεπέμποντο.
1176 1125 1180 1136 ’

397 1231 454 1298 καί
474 1226 514 1297 τὰ
536 1229 598 1317 μέν
617 1226 700 1298 κατὰ
721 1226 784 1317 τὴν
803 1224 930 1317 Ῥόμην
949 1230 1065 1318 ἑορτῆς
1084 1226 1172 1316 εἶχεν
1192 1223 1286 1297 ου’-7

294 1359 378 1419 τως,
398 1327 416 1401 ὁ
436 1332 475 1402 δὲ
491 1330 645 1421 Μάξιμος
668 1328 733 1401 άπὸ
752 1339 811 1420 τῇς
828 1328 1001 1420 Ῥαυέυνης
1026 1330 1109 1421 άρας
1135 1333 1254 1419 ἐπέστη

291 1432 469 1527 Ἀκυληίᾳ,
484 1432 603 1523 διαβάς
618 1433 658 1504 τὰ
671 1432 811 1523 τενάγη,
833 1430 855 1503 ά
867 1461 902 1503 τε
917 1430 984 1505 ὑπὸ
998 1432 1178 1525 Ἠριδανοῦ
1191 1459 1255 1503 πο-

253 1568 279 1608 ιο
296 1544 405 1625 ταμοῦ
418 1537 632 1628 πληρούμενα
651 1540 791 1608 καὶτῶν
809 1540 1049 1627 περικειμένων
1068 1540 1154 1608 ἑλῶν
1173 1536 1256 1607 ἑπτά

295 1640 458 1729 στόμασιν
474 1644 508 1722 ἐς
527 1641 698 1711 θάλατταν
718 1643 875 1729 ἐκχεῖται·
896 1647 999 1710 ἔνθεν
1020 1642 1077 1710 καί
1096 1647 1137 1731 τῇ
1156 1646 1254 1728 φωνῇ

294 1750 460 1814 καλοῦσιν
468 1748 504 1814 οί
520 1742 691 1834 ἐπιχώριοι
700 1740 800 1813 Ἑπτὰ
813 1742 940 1831 πελάγη
953 1741 1016 1831 τὴν
1029 1751 1152 1832 λίμνην
1166 1746 1254 1813 ἐκεί·

294 1875 372 1936 νην.
396 1843 503 1928 εὐθὺς
519 1836 583 1917 οὖν
602 1853 637 1917 οί
653 1843 842 1935 Ἀκυλήσιοι
858 1844 917 1927 τὰς
936 1846 1044 1928 πάλας
1063 1843 1285 1930 άνοίξαντεςυ

294 1948 556 2038 δπεδέχοντο,αί
565 1978 602 2021 τε
615 1948 680 2020 άπὸ
692 1945 828 2030 Ἰταλίας
836 1949 949 2031 πόλεις
962 1935 1140 2039 πρεσβείας
1153 1956 1255 2039 ἔπεμ

254 2089 280 2130 15
296 2080 364 2124 πον
377 2060 446 2123 τῶν
459 2053 702 2141 πρωτευόντων
716 2050 797 2143 παρ’
815 2050 930 2136 αὐτοῖς
944 2050 1097 2145 άνδροῖν,
1120 2061 1155 2124 οἳ
1174 2061 1255 2123 λευ-

294 2162 530 2245 χειμονοῦντες
543 2158 599 2226 καὶ
613 2156 830 2247 δαφνηφόροι
842 2149 936 2227 θεῶν
955 2164 1105 2247 πατρίων
1122 2159 1256 2227 ἕκαστοι

296 2258 538 2351 προσεκόμιζον
559 2256 730 2349 άγάλματα
751 2262 809 2330 καί
829 2269 863 2330 εἴ
881 2287 969 2342 τινες
989 2251 1077 2349 ἦσαν
1095 2262 1255 2347 στέφανοι

296 2370 427 2452 χρυσοῦ
444 2365 478 2445 ἐξ
492 2358 736 2451 άναθημάτων,
753 2359 931 2452 εὐφήμουν
944 2391 980 2433 τε
998 2365 1055 2432 καί
1068 2360 1257 2451 ἐφνλλοβό-

297 2475 384 2536 λουν
396 2464 456 2535 τόν
468 2464 635 2555 Μάξιμον.
654 2463 673 2536 ὁ
689 2468 726 2536 δὲ
740 2465 880 2553 στρατός
894 2463 912 2536 ό
927 2464 989 2554 τὴν
1000 2463 1180 2554 Ἀκυληίαν
1193 2490 1257 2532 πο-

255 2567 481 2658 πολιορκήσας
505 2568 646 2660 προσῄει
664 2570 721 2638 καὶ
746 2565 849 2649 αὐτὸς
870 2572 909 2638 ἐν
935 2574 1092 2659 είρηυικῷ
1118 2565 1258 2655 σχήματι

297 2671 535 2762 δαφνηφόρος,
562 2668 625 2742 οόκ
651 2675 685 2754 ἐξ
712 2667 863 2759 άληθοῦς
883 2670 945 2759 μὲν
972 2672 1155 2751 διαθέσεως
1181 2675 1256 2752 πᾶς,

297 2774 513 2867 προσποιήτφ
528 2775 567 2845 δὲ
581 2772 700 2868 εόνοίμ
712 2776 769 2844 καὶ
782 2780 860 2864 τιμῇ
880 2771 936 2844 διά
950 2772 1012 2862 τὴν
1035 2779 1208 2862 παροῦσαν
1223 2774 1255 2855 ἐξ

297 2876 448 2967 άνάγκης
466 2884 523 2966 τῆς
544 2885 713 2967 βασιλείας
727 2876 842 2966 τόχην.
894 2882 930 2948 οδ
949 2886 1096 2948 πλεῖστοι
1113 2874 1177 2967 γάρ
1192 2871 1256 2945 αό-
1270 2893 1289 2947 3

297 2988 368 3052 τῶν
387 2978 683 3069 ἦγανάκτουυ’καὶ
708 2979 948 3062 λανθανόντως
967 2978 1095 3070 ἤλγουν
1114 2977 1175 3050 τόν
1195 2978 1258 3067 μὲν

258 3120 286 3161 z
298 3080 360 3155 ὑπ’
377 3080 492 3154 αὐτῶν
505 3088 723 3173 ἐπιλεχθέντα
741 3086 879 3174 βασιλέα
898 3086 1154 3175 καθῃρημένον,
1174 3109 1259 3172 κρα-

298 3193 441 3269 τοῦντας
454 3187 492 3257 δὲ
504 3186 583 3269 νοός
595 3184 663 3258 όπό
677 3186 868 3276 συγκλήτου
881 3184 1079 3279 ᾑρημένους.
1093 3182 1112 3256 ό
1126 3185 1165 3255 δὲ
1176 3186 1258 3256 Μά-

298 3295 393 3380 ξιμος
406 3292 444 3360 ἐν
461 3297 502 3381 τῇ
516 3287 677 3384 Ἀκυληίᾳ
689 3291 867 3381 γενόμενος
881 3291 1013 3379 πραότης
1031 3291 1094 3379 μὲν
1107 3291 1164 3359 καὶ
1177 3294 1259 3359 δεν·

297 3396 397 3483 τέρας
410 3390 534 3483 ἡμέρας
557 3399 761 3485 ίερουργίαις
775 3394 944 3482 ἐσχόλαζε,
961 3402 1002 3484 τῇ
1022 3394 1060 3464 δδ
1075 3400 1170 3484 τρίτη
1190 3399 1259 3461 τῶν

296 3494 435 3587 ἡμερῶν
449 3498 655 3586 συγκαλέσας
675 3500 708 3578 ἐς
721 3494 758 3567 τὸ
773 3502 893 3567 πεδίον
906 3496 1014 3566 πάντα
1027 3495 1087 3567 τὸν
1106 3494 1258 3584 στρατόν,

259 3631 285 3673 ιο
301 3599 450 3691 βήματός
462 3628 498 3669 τε
511 3596 603 3691 αὐτῷ
616 3601 957 3689 κατασκευασθέντος,
972 3603 1063 3684 ἔλεξε
1074 3598 1205 3668 τοιάδε.

398 3699 500 3772 “ό’σον
512 3702 580 3791 μέν
599 3698 689 3794 ὑμᾶς
709 3700 823 3797 άνησε
848 3704 1089 3798 μεταγνόντος
1109 3725 1150 3768 τε
1170 3694 1236 3761 καθ
1252 3688 1302 3754 τὶ
1315 3706 1341 3753 ⁵1

282 3800 449 3889 Ῥωμαίων
460 3806 707 3899 φρονήσαντας
714 3867 736 3905 ,,
746 3820 862 3911 πείρα
881 3808 1146 3907 μεμαθήκατδι
1158 3791 1247 3864 &sz
1258 3807 1334 3849 W
