3134 4367
334 405 393 468 164
707 410 924 470 ΕΒΔΟΜΟΝ

329 577 579 673 ἑκατοντάρχων
591 581 831 672 σνμπνεόντων
844 582 901 651 καὶ
919 585 987 650 τῶν
1007 575 1072 651 άπὸ
1086 586 1143 670 τής
1162 588 1287 673 βουλής

297 708 315 762 5
330 679 496 753 ἁπάντων.
546 685 688 776 Μάγνος
701 714 750 765 τις
765 681 870 773 ὄνομα
882 675 926 773 ήυ
939 690 1007 753 τῶν
1025 680 1239 774 εὐπατριδῶν
1251 714 1286 757 τε

326 787 384 856 καὶ
412 780 665 859 ὑπατευκότων·
698 778 796 869 οὗτος
824 787 988 878 διεβλήθη
1023 784 1185 877 συνάγειν
1210 786 1281 859 κατ’

326 883 432 958 αύτού
445 905 555 980 χεῖρα,
573 894 629 961 καλ
643 891 843 981 στρατιώτας
856 890 949 971 τινάς
969 897 1102 961 πείθειν
1123 894 1157 973 ἐς
1180 888 1284 962 αὑτὸν

326 988 389 1080 τήν
403 988 509 1081 ἀρχὴν
521 995 687 1083 μετάγειν.
716 991 737 1084 ή
757 994 796 1065 δδ
817 991 965 1083 συσκευὴ
984 993 1121 1082 τοιαύτη
1141 1023 1192 1075 τις
1214 996 1312 1065 ἑλέ-5

326 1123 403 1183 γετο
418 1102 563 1167 ἔσεσθαι.
601 1097 800 1188 γεφυρώσας
820 1096 879 1167 τὸν
899 1095 1047 1185 ποταμὸν
1064 1094 1082 1166 ὁ
1097 1100 1286 1188 Μαξιμίνος

296 1221 313 1277 6
328 1206 466 1289 ἔμελλεν
479 1203 533 1270 ἐπὶ
544 1200 739 1290 Γερμανούς
752 1197 990 1291 διαβήσεσθαι·
1005 1197 1071 1289 ἅμα
1084 1198 1148 1291 γδιρ
1164 1208 1211 1294 τῶ
1226 1199 1287 1290 τήν

326 1300 432 1392 ιἰρχήν
446 1312 652 1393 παραλαβεῖν
668 1301 796 1385 εύθέως
815 1310 1004 1393 πολεμικῶν
1025 1309 1134 1391 ἔργων
1153 1298 1285 1394 ήρξατο,

326 1410 383 1476 καὶ
397 1405 454 1475 διὰ
466 1406 616 1496 σώματος
629 1410 772 1497 μέγεθος
786 1410 842 1477 καλ
856 1405 954 1496 ίσχύν
974 1406 1217 1496 στρατιωτικήν
1231 1410 1285 1478 καὶ

327 1514 501 1599 ἐμπειρίαν
521 1511 705 1601 πολεμικήν
731 1518 842 1581 δοκῶν
862 1512 1072 1598 ἐπιλελέχθαι
1093 1517 1204 1599 ἔργοις
1223 1509 1320 1600 τήνω

328 1612 429 1697 δόξαν
443 1616 499 1683 καί
513 1612 575 1702 τήν
588 1609 657 1684 τῶν
676 1621 888 1704 στρατιωτῶν
910 1610 1081 1701 ὑπόληψιν
1098 1616 1284 1701 ἐπιστούτο,

326 1715 389 1803 τήν
402 1744 438 1786 τε
451 1713 672 1806 Ἀλεξάνδρου
684 1721 843 1807 μέλλησιν
858 1719 914 1787 καὶ
934 1714 997 1805 τήν
1016 1714 1100 1804 πρὸς
1120 1708 1170 1786 τά
1185 1726 1285 1787 πολε·

326 1818 407 1907 μικδι
431 1827 513 1908 ἔργα
539 1826 668 1890 δειλίαν
688 1823 834 1910 ἐλέγχειν
852 1824 1006 1907 ἐπειρᾶτο
1035 1819 1170 1901 είκότως
1188 1848 1286 1891 κατε-

327 1924 534 2012 γνωσμένην.
564 1920 677 1993 ἀσκῶν
690 1951 726 1993 τε
746 1914 810 1993 ούν
825 1925 882 1993 καί
901 1922 1078 2011 γυμνάζων
1092 1921 1171 2004 τούς
1183 1947 1285 2014 στρα-

327 2024 446 2106 τιῶτας
465 2022 507 2094 ού
530 2027 711 2114 διέλειπεν,
731 2022 832 2106 αύτός
850 2054 885 2095 τε
905 2029 942 2095 ἐν
955 2023 1068 2107 ὅπλοις
1089 2022 1137 2095 ῶν
1156 2026 1284 2098 καὶτὸν
1302 2040 1323 2081 ¹5

299 2125 471 2216 ςστρατδν
484 2135 676 2218 παρορμῶν.
729 2128 803 2199 τότε
823 2136 940 2199 τοίνυν
960 2126 1022 2217 τήν
1036 2131 1191 2219 γέφυραν
1211 2129 1286 2215 ζεύ-

326 2234 383 2315 ξας
397 2238 534 2320 ἒμελλεν
552 2233 606 2301 ἐπὶ
625 2230 820 2322 Γερμανούς
841 2232 1073 2321 διαβήσεσθαι.
1110 2229 1128 2302 ὁ
1148 2233 1186 2302 δὲ
1205 2233 1286 2303 Μά-

326 2362 407 2424 γνος
420 2336 549 2422 ἐλέγετο
563 2341 775 2424 στρατιωτῶν)
789 2332 852 2407 ούκ
862 2333 1008 2424 ὀλίγους,
1024 2332 1107 2405 ἄλλά
1120 2334 1200 2418 τούς
1215 2339 1285 2421 ἔξο-

326 2436 494 2529 χωτάτους
507 2440 564 2508 καλ
576 2438 715 2527 μάλιστα
727 2437 806 2521 τοὺς
819 2438 881 2528 τήν
895 2436 1050 2527 φρουράν
1064 2445 1121 2527 τής
1134 2440 1285 2530 γεφύρας

326 2544 384 2612 καὶ
396 2540 458 2630 τήν
471 2543 661 2631 ἐπιμέλειαν
674 2545 933 2632 πεποιημένους,
948 2540 1125 2612 ιἰναπεϊσαι
1145 2542 1229 2632 μετὰ
1247 2541 1283 2612 τὸ
1300 2556 1322 2596 2⁰

328 2651 484 2735 διαβῆναι
501 2644 560 2718 τὸν
573 2649 766 2736 Μαξιμῑνον
778 2648 944 2727 λύσαντας
957 2645 1019 2734 τήν
1031 2647 1186 2735 γέφυραν
1200 2673 1285 2736 προ-

328 2753 449 2818 δούναι
465 2764 534 2830 τοῖς
554 2751 751 2840 βαρβάροις,
773 2748 836 2838 ούχ
857 2746 1070 2838 ὑπαρχούσης
1091 2745 1182 2842 αύτῶ
1203 2753 1285 2820 ἐπα-

327 2851 446 2921 νόδου·
462 2852 579 2922 πλάτει
592 2852 656 2942 γάρ
669 2855 726 2924 καί
735 2853 836 2941 βάθει
844 2854 997 2941 μέγιστος
1010 2848 1028 2920 ὁ
1043 2852 1188 2941 ποταμὸς
1199 2856 1286 2943 ῥέων

326 2950 448 3043 ἄβατος
462 2952 552 3047 αύτῷ
566 2959 708 3043 ἐγίνετο,
730 2951 810 3025 ούτε
822 2962 910 3024 νεῶν
924 2950 1036 3024 ούσῶυ
1049 2959 1086 3025 ἐν
1098 2972 1170 3037 ταῖς
1185 2965 1286 3026 πολε-

299 3064 419 3146 8μίαις
440 3054 557 3145 ὄχθαις
571 3064 629 3146 τής
649 3086 686 3127 τε
706 3056 857 3146 γεφύρας
877 3064 1047 3147 λυθείσης.
1100 3054 1121 3147 ή
1143 3060 1207 3148 μέν
1228 3066 1285 3148 τῆς
1300 3083 1323 3124 ιο

330 3163 510 3249 ἐπιβουλῆς
525 3158 618 3247 φήμη
631 3158 768 3248 τοιαύτη
788 3163 936 3249 ἐγένετο,
952 3171 1018 3232 είτε
1031 3158 1161 3251 ιἰληθής
1175 3159 1285 3253 ὑπάρ-

331 3266 413 3346 ξασα
427 3272 493 3331 ελτε
506 3258 573 3332 ύπδ
586 3269 649 3331 τοῦ
662 3266 857 3352 Μαξιμίυου
878 3275 1164 3336 συσκευασθεῖσα·
1189 3263 1287 3356 ἀκρι-

330 3367 387 3454 βές
411 3364 449 3434 δὲ
471 3371 578 3435 είπείν
594 3363 635 3435 ού
658 3367 791 3460 ῥᾴδιον,
811 3369 882 3438 ἐπεὶ
906 3374 1023 3457 ἔμενεν
1042 3364 1284 3458 ἀνεξέλεγκτος.

328 3468 411 3557 μήτε
424 3465 488 3559 γὰρ
502 3468 642 3558 κρίσεῶς
655 3500 722 3541 τινι
735 3470 987 3560 μεταδούςμήτε
996 3468 1188 3562 άπολογίας,
1199 3472 1286 3542 πάν-

325 3600 385 3653 τας
398 3568 460 3655 οὓς
472 3568 670 3647 ύπῶπτενεν
683 3581 861 3666 αἰφνιδίως
875 3578 1174 3667 συναρπασθέντος
1187 3573 1286 3665 ιἰφει-
1300 3594 1323 3635 ³⁰

306 3677 601 3769 δῶςέφόνευσεν.

251 3796 275 3848 9
399 3788 552 3876 ἐγένετο
570 3792 617 3865 δέ
631 3822 684 3879 τις
698 3791 760 3865 καὶ
777 3785 983 3883 Ὀσροηυῶν
1004 3781 1149 3861 τυξῦῑῶν
1169 3772 1313 3842 'mm‘
