3134 4367
346 432 405 494 190
748 435 923 495 ΟΓΔΟΟΝ

343 604 405 677 στά
424 633 460 676 τε
470 600 570 698 ,αύτῷ
590 604 699 675 πάντα
718 604 947 694 προχωρήσειν
966 597 1190 695 όΜαξιμϊνος
1203 601 1298 696 ήλπι-

345 731 404 780 σεν
430 705 562 780 Ἰταλῶν
589 709 674 798 μηδὲ
699 725 770 790 ταῖς
796 713 997 799 δυσχωρίαις
1029 709 1298 798 τεθαρρηκότων,

345 819 432 884 ἐνθα
447 809 470 901 ή
483 811 645 902 κρύπτειν
658 810 797 892 ἑαυτούς
810 815 867 881 καὶ
886 812 1004 897 σώζειν
1018 809 1190 900 ἠδύναντο
1211 808 1234 901 ή
1253 810 1296 883 δι’

345 918 482 1004 ἐνέδρας
498 918 753 1004 ἐπιβουλεῦσαι,
767 915 936 1004 μάχεσθαί
945 943 981 985 τε
995 911 1132 985 ἀνωθεν
1145 920 1179 999 ἐξ
1195 912 1299 1005 ύπερ-

313 1023 508 1109 εκειμέυων
520 1025 663 1109 χωρίων.
717 1020 906 1107 γενομένων
927 1018 964 1088 δέ
983 1015 1097 1089 αύτῶν
1115 1023 1153 1089 ἐν
1174 1026 1222 1112 τῷ
1242 1046 1321 1093 πει

344 1128 421 1216 δίῳ,
436 1129 473 1193 oc
492 1123 611 1192 σκοποί
630 1118 836 1211 ἀπήγγειλαν
853 1121 952 1192 πόλιν
965 1118 1102 1203 Ἰταλίας
1122 1121 1186 1212 τήν
1207 1132 1300 1212 μεγί-

343 1242 441 1316 στην,
453 1224 632 1314 Ἀκυληίαν
652 1227 691 1296 δὲ
706 1227 934 1314 καλουμένην,
953 1234 1166 1312 κεκλεῖσθαι,
1188 1224 1248 1306 τὰς
1266 1228 1301 1297 δέ

343 1336 620 1420 κροπεμφθείσας
648 1328 821 1419 φάλαγγας
847 1336 915 1398 τῶν
934 1329 1093 1398 Παιόνων
1117 1329 1301 1419 προθύμως

344 1432 406 1523 μέν
419 1439 667 1521 τειχομαχῆσαι,
683 1431 841 1513 πολλάκις
856 1433 894 1502 δὲ
914 1431 1170 1521 προσβαλούσας
1184 1429 1300 1503 ἀνύειν

344 1533 464 1623 ούδέν,
485 1531 709 1626 ἀπαγορεύειν
729 1536 766 1605 δέ
792 1537 848 1606 καί
869 1532 1055 1624 ἀναχωρεῖν
1072 1538 1299 1625 βαλλομένους
1313 1570 1330 1609 ιι

344 1648 454 1720 λίθοις
468 1641 573 1709 τεκαὶ
590 1639 708 1730 δόρασι
721 1639 826 1722 τόξων
840 1667 875 1708 τε
889 1639 1022 1725 πλήθει.
1054 1634 1072 1707 ό
1093 1639 1131 1709 δὲ
1151 1643 1299 1730 Μαξιμῑ-

343 1771 402 1824 νος
424 1740 654 1832 ἀγανακτήσας
672 1741 756 1832 πρὸς
774 1740 855 1822 τούς
874 1738 1078 1831 στρατηγούς
1104 1748 1174 1811 τῶν
1194 1743 1299 1813 Παιό-

343 1876 413 1917 νων
448 1842 492 1927 ῶς
525 1842 744 1935 ἀμελέστερον
776 1848 999 1934 μαχομένους,
1028 1840 1129 1926 αύτδς
1162 1844 1231 1916 σύν
1257 1853 1298 1940 τῷ

343 1956 472 2041 στρατῶ
482 1945 655 2036 ήπείγετο,
671 1953 813 2031 ἐλπίζων
828 1952 931 2039 ῥᾷστα
944 1945 1096 2038 αίρήσειν
1111 1947 1174 2037 τήν
1189 1950 1297 2019 πόλιν.

310 2065 327 2118 3
447 2049 467 2139 ή
488 2052 526 2120 δέ
539 2046 697 2138 Ἀκνληία
715 2051 955 2141 καὶπρότερον
976 2054 1054 2140 μέν,
1075 2047 1132 2120 άτε
1160 2060 1329 2141 μεγίστην

343 2154 454 2242 πόλις,
471 2158 562 2222 ἰδίου
576 2153 683 2242 δήμου
700 2152 968 2242 πολυάνθρωπος
985 2146 1047 2243 ήν,
1066 2156 1123 2224 καὶ
1141 2152 1256 2245 ῶσπερ
1270 2184 1298 2225 τι

342 2257 503 2347 ἐμπόριον
517 2253 655 2338 Ἰταλίας
677 2259 731 2327 ἐπὶ
750 2257 900 2347 θαλάττῃ
920 2260 1121 2346 προκειμένη
1149 2261 1207 2329 καὶ
1235 2256 1296 2348 πρὸ

343 2368 411 2431 τῶν
430 2356 624 2451 Ἰλλυρικῶν
643 2364 757 2431 ἐθνῶν
778 2362 914 2431 πάντων
934 2365 1095 2450 ίδρυμένη
1115 2362 1157 2430 τά
1179 2391 1216 2433 τε
1235 2360 1296 2432 ἀπὸ

341 2472 399 2554 τής
412 2460 555 2556 ήπείρου
569 2461 625 2533 διόι
639 2472 699 2553 γῆς
712 2460 734 2553 ή
747 2472 905 2553 ποταμῶν
918 2464 1199 2553 κατακομιζόμενα
1213 2493 1296 2555 παρ-

343 2585 431 2656 είχεν
444 2568 689 2658 ἐμπορεύεσθαι
703 2584 771 2649 τοῖς
787 2572 934 2655 πλέουσι,
948 2564 989 2637 τά
1003 2595 1038 2637 τε
1052 2560 1117 2637 ἀπὸ
1130 2570 1296 2657 θαλάττης
1308 2599 1328 2639 ν

341 2688 409 2753 τοῖς
422 2670 621 2760 ήπειρῶταις
635 2669 815 2760 ἀναγκαία,
837 2663 886 2742 ῶν
906 2668 927 2760 ή
947 2668 1028 2759 παρ’
1051 2674 1194 2753 ἐκείνοις
1208 2672 1296 2761 χῶρα

343 2773 399 2845 διά
411 2782 571 2863 χειμῶνος
586 2772 649 2846 ούκ
662 2766 705 2863 ήυ
721 2773 883 2865 εύφορος,
902 2773 1091 2863 ἀνέπεμπεν
1105 2778 1138 2855 ἐς
1152 2774 1215 2863 τήν
1229 2773 1294 2844 ἀνω

342 2885 421 2967 γῆν·
436 2875 519 2968 πρός
533 2877 626 2949 οίνόν
646 2906 682 2948 τε
696 2879 839 2967 μάλιστα
855 2876 1044 2965 πολύγονον
1063 2876 1177 2967 χῶραν
1190 2906 1296 2967 γεωρ-

328 2988 480 3070 ’γοῦντες
506 2978 678 3070 ἀφθονίαν
697 2987 802 3050 ποτοῦ
821 2995 980 3070 παρεῖχον
996 2997 1065 3062 τοϊς
1084 2978 1235 3070 άμπελον
1254 2979 1295 3070 μή

313 3092 560 3175 ἐγεωργούσιν.
621 3090 723 3153 ἐνθεν
747 3083 833 3153 πολύ
860 3111 892 3152 τι
917 3092 1048 3172 πλῆθος
1073 3085 1232 3174 ἐπεδήμει
1255 3082 1293 3155 ού
1306 3107 1326 3148 ω

343 3195 489 3258 πολιτῶν
501 3185 606 3275 μόνον
620 3183 703 3255 ἀλλά
717 3188 823 3269 ξένων
834 3214 870 3256 τε
890 3190 945 3257 καὶ
965 3188 1129 3276 ἐμπόρων.
1165 3189 1241 3259 τότε
1259 3188 1293 3258 δὲ

342 3298 468 3380 μᾶλλον
482 3288 776 3378 ἐπολυπλασιάσθη
792 3287 828 3359 τό
846 3297 991 3379 πλῆθος,
1006 3298 1074 3361 τῶν
1086 3287 1196 3379 ὄχλων
1209 3293 1293 3363 πάν-

342 3420 411 3462 των
430 3396 463 3476 ἐξ
486 3389 600 3482 ἀγρῶν
620 3395 726 3463 ἐκεῖσε
743 3395 974 3483 συρρεόντων,
996 3402 1155 3482 πολίχνας
1184 3397 1293 3465 τεκαὶ

341 3494 454 3585 κῶμας
480 3494 538 3577 τάς
558 3500 789 3587 περικειμένας
808 3498 1074 3587 καταλιπόντων,
1095 3499 1290 3569 πιστευσάν-

334 3628 406 3669 των
417 3599 459 3671 δὲ
469 3595 595 3686 αύτούς
607 3609 654 3697 τῶ
668 3629 703 3674 τε
718 3604 854 3694 μεγέθει
866 3609 923 3693 τῆς
936 3599 1064 3681 πόλεως
1077 3604 1193 3695 καὶτῷ
1207 3628 1289 3692 προ-
1304 3628 1325 3668 ιι

308 3708 525 3805 βεβλημενῳ
546 3717 673 3805 τείχει,
699 3705 718 3783 δ
743 3706 971 3783 παλαιότατον
1001 3707 1038 3772 ἐκ
1061 3709 1123 3771 τοῐι
1147 3712 1299 3769 πλείστου

259 3847 274 3869 ·
288 3810 434 3899 μέρους
443 3817 632 3921 πρότερον
647 3821 717 3917 μὲν
733 3814 994 3911 κατερήριπτο,
1004 3800 1067 3873 ’ότὸ
1080 3794 1327 3889 mmmm-
