3134 4367
683 413 861 475 ΠΡΩΤΟΝ
1219 413 1266 477 35

296 589 429 673 πνῖξαι,
449 583 578 674 μεγάλα
597 583 721 654 δύσειν
735 591 868 655 ἐπαθλα
894 581 1126 675 ὑποσχόμενοι.
1152 583 1171 658 δ
1198 588 1295 687 δέτμχ

296 687 490 781 είσδραμιδν
499 691 702 780 παρειμένον
711 686 816 759 αὐτόν
828 686 895 759 ύπδ
909 694 974 758 τοῦ·
983 691 1161 780 φαρμάκου
1175 693 1300 772 καίὲῗι,

295 797 419 883 μέθης,
434 789 641 881 άποσφίχξας
658 790 719 861 τδν
730 793 911 883 τράχηλον,
927 792 1074 881 φονεύει.

397 895 538 990 τοιούτῳ
560 895 623 984 μὲν
643 898 730 965 τέλει
749 902 810 965 τοῦ
829 904 907 987 βίον
928 890 1136 986 δΚόμμοδος
1157 898 1253 990 ἐχρή-
1271 906 1304 960 12

266 1019 392 1086 ὃσατο,
407 998 609 1088 βασιλεύσας
623 1004 679 1088 ἐτη
693 1006 909 1090 τρισκαίδεκα
929 997 1011 1088 μετὰ
1029 996 1092 1089 τὴν
1110 1006 1170 1069 τού
1192 1028 1255 1071 πα-

292 1102 370 1194 τρὸς
383 1103 562 1192 τελευτήν,
584 1099 818 1189 εὐχενέστατός
831 1131 867 1173 τε
880 1108 949 1171 τῶν
963 1100 1028 1193 πρὸ
1041 1100 1147 1172 αὐτού
1159 1131 1256 1190 γενο-

292 1210 406 1295 μένων
420 1208 606 1296 βασιλέων,
620 1205 736 1277 κάλλει
748 1234 785 1276 τε
799 1213 867 1277 των
880 1203 962 1276 καθ’
980 1204 1102 1276 ἑαυτδν
1118 1203 1255 1295 ιἰνθροό-

292 1337 368 1380 πων
382 1307 647 1399 εὐπρεπέστατος
659 1308 922 1401 αὐταρκέστατός
934 1336 970 1379 τε
989 1316 1176 1402 συμμετρίᾳ
1189 1310 1257 1380 σω’-

292 1441 414 1502 ματος,
430 1419 461 1482 εί
474 1415 515 1482 δέ
525 1440 556 1483 τι
577 1419 631 1482 δεῖ
644 1415 701 1482 καὶ
715 1415 792 1505 περὶ
805 1411 963 1503 ἀνδρείας
978 1420 1101 1501 εἰπεῖν,
1117 1410 1258 1496 οὐδενός

254 1544 276 1583 ιο
291 1515 404 1606 ἥττων
418 1514 572 1608 εὐστοχίᾳ
585 1544 622 1586 τε
635 1518 691 1585 καὶ
706 1514 866 1610 εὐχειρία,
877 1522 909 1585 εί
921 1514 965 1605 μὴ
979 1515 1041 1607 τὴν
1054 1516 1183 1587 τούτων
1198 1514 1255 1588 εὐ-

291 1626 431 1711 μοιρίαν
444 1626 592 1710 αίσχροῖς
606 1620 844 1711 ἐπιτηδεύμασι
858 1618 1084 1711 κατῄσχυνεν,
1107 1615 1151 1701 οδς
1172 1646 1254 1711 προ-

293 1730 435 1813 είρηται.
467 1735 478 1749 ”

252 2052 274 2090 ιε
449 2037 721 2100 ΒΙΒΛΙΟΝ
761 2036 1107 2099 AEYTEPON.

392 2232 583 2315 Ἀνελόντες
603 2234 641 2303 δὲ
660 2232 720 2305 τδν
733 2234 915 2324 Κόμμοδον
934 2239 970 2304 οί
987 2232 1251 2323 ἐπιβουλεύσαν-

291 2366 362 2424 τες,
380 2332 426 2418 σδς
439 2340 536 2431 ἐντῷ
550 2337 671 2431 πρύτφ
685 2338 891 2427 συντάγματι
905 2343 963 2427 τῆς
984 2342 1131 2429 ίστορίας
1151 2336 1251 2426 δεδή-

291 2451 413 2526 λωται,
435 2440 562 2532 κρύψαι
581 2468 617 2510 τε
636 2439 673 2510 τό
694 2442 882 2530 γενόμενον
900 2442 1118 2531 βουλόμενοι,
1139 2435 1184 2518 οἱς
1209 2434 1253 2508 δν

249 2563 276 2603 ²⁰
292 2543 371 2626 τούς
385 2544 619 2632 φυλάσσοντας
637 2541 700 2633 τὴν
720 2553 893 2634 βασίλειον
912 2542 1022 2633 αὐλὴν
1040 2541 1253 2633 δορυφόρους

289 2648 432 2718 λάθοιεν
439 2701 449 2736 ,
465 2647 658 2737 είλήσαντες
668 2654 825 2739 στρωμνῇ
845 2647 913 2714 τινὶ
935 2644 1065 2715 εὐτελεῖ
1081 2640 1119 2714 τό
1139 2642 1251 2731 σωμά-

289 2779 364 2821 τιον
377 2752 435 2820 καὶ
453 2750 716 2840 καταδύσαντες,
738 2746 913 2828 ἐπιθέντες
931 2776 968 2819 τε
990 2750 1091 2818 δυσὶν
1108 2747 1251 2827 οἰκέταις

289 2861 359 2924 τῶν
379 2860 509 2924 πιστῶν
535 2856 681 2941 ἑαυτοῖς,
703 2857 931 2943 ἐκπέμπουσιν
952 2847 996 2933 ὥς
1019 2851 1061 2942 δή
1080 2877 1113 2920 τι
1131 2855 1251 2931 σκεῦος

289 2963 359 3027 των
373 2960 410 3027 ἐκ
423 2963 485 3027 τοῦ
498 2956 655 3046 θαλάμου
675 2962 849 3048 περιττῶν.
902 2961 937 3025 οί
957 2957 994 3026 δέ
1013 2957 1172 3046 φέροντες
1193 2952 1281 3027 διδκ

249 3082 274 3123 2⁵
290 3061 404 3150 μέσων
417 3061 597 3151 ἐκφέρουσι
610 3066 679 3130 τῶν
692 3060 867 3150 φυλάκων,
883 3048 933 3129 τόν
945 3068 979 3130 οἳ
990 3060 1052 3150 μὲν
1065 3054 1131 3127 ἆπδ
1144 3059 1251 3147 μέθης

289 3164 515 3255 ἐκραιπάλων,
529 3171 564 3233 οἳ
575 3164 612 3234 δέ
626 3164 842 3256 ἐγρηγορότες
855 3158 1003 3234 κάκεῖνοι
1019 3167 1052 3244 ἐς
1064 3158 1175 3230 ὐπνον
1187 3188 1248 3231 κα-

289 3270 472 3358 τεφέροντο
485 3266 703 3355 κατεχούσαις
715 3297 751 3338 τε
770 3284 842 3347 ταῖς
861 3269 955 3356 χερσὶ
973 3264 1014 3337 τά
1032 3264 1169 3355 δοράτια
1188 3267 1247 3334 ἐπ-

289 3370 554 3458 ανεπαύοντο,οἳ
567 3367 600 3440 δ’
617 3368 658 3439 οὐ
672 3372 763 3442 πάνυ
775 3370 814 3441 τό
824 3371 1052 3460 ἐκφερόμενον
1065 3373 1125 3439 τού
1138 3368 1246 3438 θαλά-

288 3502 355 3563 μου
363 3526 373 3560 ,
388 3470 408 3544 ὅ
420 3501 452 3543 τι
466 3472 542 3544 ποτ’
559 3484 626 3563 εῖη,
641 3471 980 3566 ἐπολυπραγμόνουν,
1002 3475 1074 3543 ἐπεὶ
1087 3471 1172 3562 μηδὲ
1186 3469 1247 3539 αὐ·

250 3604 275 3645 τι
290 3593 360 3659 τοῖς
383 3580 520 3668 διέφερε
545 3573 639 3647 ταῦτ’
664 3582 799 3648 εἰδέναι.
841 3574 878 3646 τδ
898 3579 959 3666 μὲν
986 3568 1163 3664 σύνσωμα
1189 3578 1249 3641 τοῦ

290 3684 453 3769 βασιλέως
475 3678 563 3751 οὐτω
589 3681 718 3750 κλαπὲν
738 3683 939 3769 ἐκκομισθέν
965 3709 1001 3750 τε
1027 3686 1085 3770 τῆς
1110 3672 1249 3745 αὐλείου

289 3785 400 3876 θύρας
427 3783 561 3877 νύκτωρ
582 3782 719 3875 ὀχήματι
740 3786 914 3867 ἐπιθέντες
936 3788 967 3867 ἐς
988 3782 1026 3855 τὸ
1053 3776 1256 3870 προάστειον

1056 3897 1104 3962 ηε
