3134 4367
347 411 407 480 176
717 412 929 477 ΕΒΔΟΜΟΝ

345 618 439 681 μενοι
451 594 554 658 τινων
567 586 744 678 κατήγοροι
763 583 787 678 ή
805 594 951 676 ἔφευγον
966 581 989 675 ή
1009 580 1076 656 ῦπό
1101 593 1170 657 τῶν
1184 582 1303 676 ἀδικη-

345 695 478 764 θέντων
491 688 695 782 ἀνῃροῦντο,
709 693 885 778 έπίτροποί
898 718 933 760 τε
947 692 1004 760 καὶ
1023 692 1177 761 δικασταὶ
1192 695 1228 760 οί
1246 697 1302 780 τής

323 874 327 882 ,
344 800 477 867 ἐκείνου
494 792 659 884 ὠμότητος
679 790 842 884 ὑπηρέται
858 796 1014 883 συρέντες
1033 788 1098 863 ὑπὸ
1119 801 1181 864 τοῦ
1199 790 1300 882 όχλου

343 903 377 981 ἐς
394 896 471 979 τούς
493 894 628 987 ὀχετούς
648 901 875 986 ἐρριπτοῦντο,
915 896 1019 987 φόνος
1045 923 1081 965 τε
1102 892 1167 967 οῦκ
1189 893 1301 986 όλίγος

343 1005 474 1092 ἐγένετο
493 1003 550 1071 καὶ
568 1000 674 1090 μηδὲν
694 997 926 1089 ἀδικησάντων
953 997 1161 1089 ἀνθρώπων·
1183 1005 1298 1071 δανει-
1314 1015 1324 1056 ⁵

343 1103 421 1186 στάς
435 1103 498 1195 γάρ
513 1106 642 1174 ἑαυτῶν
655 1098 676 1193 ή
690 1106 747 1174 καὶ
760 1101 951 1183 ἀντιδίκους
965 1107 1002 1173 έν
1015 1101 1208 1194 πράγμασιν
1221 1101 1301 1194 ἀγο-

345 1216 470 1299 ραίοις,
486 1210 543 1277 καὶ
557 1218 591 1277 εί
600 1236 649 1287 τις
663 1207 746 1296 πρός
760 1235 834 1276 τινα
847 1216 1006 1297 βραχεῖαν
1028 1213 1137 1277 αἰτίαν
1160 1205 1229 1296 εἶχε
1246 1215 1301 1297 μί-

344 1333 441 1399 σους,
457 1314 735 1399 ἐπαναβαίνοντες
754 1325 825 1391 ταῖς
845 1310 1014 1399 οἰκήσεσιν
1034 1305 1299 1400 ἀπροσδοκήτως,

344 1413 578 1504 ἐπηρεάζοντες
601 1409 645 1494 ὡς
662 1414 875 1503 συκοφάντας
897 1412 1062 1502 ἐσύλησάυ
1085 1440 1121 1483 τε
1141 1415 1200 1482 καὶ
1220 1413 1299 1504 ἑφό-

312 1508 479 1594 4υευσαν.
509 1520 546 1587 ἐν
561 1518 764 1606 προσχήματι
777 1521 973 1605 ἐλευθερίας
989 1511 1102 1597 ἀδείας
1120 1543 1156 1585 τε
1172 1524 1296 1607 είρηνι-
1313 1542 1329 1580 ν

344 1627 405 1711 κής
418 1627 500 1711 ἔργα
513 1623 661 1709 πολέμου
679 1625 848 1710 ἐμφυλίου
870 1623 1014 1709 ἐγίνετο,
1029 1614 1073 1699 ἀς
1092 1621 1150 1715 καῖ
1170 1619 1231 1691 τὸν
1245 1627 1298 1708 τής

344 1725 472 1806 πόλεως
501 1723 685 1814 ἐπάρχοντα
717 1722 799 1813 μετά
825 1724 959 1813 πράξεις’
984 1719 1108 1802 πολλάς
1137 1719 1298 1804 ύπατικάς
1343 1751 1347 1758 ’

344 1835 507 1916 (Σαβῖνος
528 1827 565 1897 δὲ
585 1819 628 1915 ήν
650 1824 756 1915 όνομα
775 1823 899 1918 αύτῷ),
921 1824 1129 1915 βουλόμενον
1150 1834 1297 1897 κωλῦσαι

343 1928 384 2000 τά
397 1930 574 2019 γινόμενα,
590 1930 678 2023 ξύλω
696 1931 882 1999 παισθέυτα
902 1927 985 1998 κατά
1003 1935 1064 1998 τοῦ
1084 1937 1229 2018 κρανίου
1247 1958 1296 2000 τε-

344 2039 512 2121 λευτήσαι.
1310 2052 1326 2093 ιι

445 2137 501 2205 καὶ
515 2129 533 2202 ό
548 2133 610 2222 μὲν
625 2139 728 2222 δήμος
745 2137 782 2203 ἐν
797 2132 930 2215 τούτοις
944 2124 1003 2222 ήν,
1024 2130 1044 2222 ή
1061 2134 1098 2204 δὲ
1117 2134 1297 2225 σύγκλητος

344 2234 429 2319 άπαξ
444 2233 713 2326 ἀναρριφθέντος
731 2237 895 2307 κινδύνου
915 2237 1011 2330 φόβῳ
1030 2244 1091 2307 τοῦ
1106 2242 1297 2328 Μαξιμίνου
1368 2303 1372 2312 .

313 2341 330 2411 ό
345 2339 452 2411 πάντα
468 2346 628 2429 ἔπραττεν
642 2342 675 2421 ἐς
688 2338 725 2410 τὸ
739 2338 922 2429 ἀποστῆσαι
932 2338 1037 2410 αῦτοῦ
1051 2339 1092 2411 τά
1108 2348 1205 2431 ἔθνη.
1220 2369 1297 2431 πρε-

343 2452 453 2533 σβεῖαι
466 2449 584 2513 τοίνυν
597 2452 767 2531 πανταχοῦ
781 2442 865 2535 πρὸς
873 2444 997 2525 πάντας
1007 2440 1218 2533 ἡγουμένους
1232 2449 1297 2529 ἐξε-

344 2550 560 2639 πέμφθησαν,
571 2549 815 2635 ἐπιλεχθέντων
830 2544 965 2637 ἀνδρῶν
980 2554 1016 2616 έκ
1030 2575 1066 2617 τε
1079 2556 1137 2636 τής
1151 2549 1296 2637 συγκλή-
1309 2571 1328 2609 ν

344 2680 404 2721 του
428 2648 530 2740 αύτής
543 2652 599 2721 καλ
617 2657 677 2720 τοῦ
693 2656 831 2721 ἱππικοῦ
852 2650 1015 2741 τάγματος
1034 2646 1097 2720 οῦκ
1117 2647 1296 2741 ἀδοκίμων,

345 2754 519 2843 γράμματά
533 2782 568 2823 τε
585 2752 668 2843 πρός
682 2751 808 2835 πάντας
821 2754 882 2843 τήν
897 2752 1066 2842 Ῥωμαίων
1078 2756 1135 2824 καὶ
1148 2762 1207 2845 τής
1216 2778 1298 2844 συγ-

344 2856 468 2945 κλήτου
481 2856 618 2946 γνύμην
632 2862 809 2946 δηλοῦντα,
820 2856 1049 2946 προτρέποντά
1061 2885 1097 2928 τε
1106 2855 1186 2941 τοῦς
1195 2858 1298 2947 <μὲν>

343 2955 552 3049 ἡγουμένους
565 2967 788 3050 συναίρεσθαι
803 2966 843 3049 τῇ
857 2967 953 3050 κοινή
966 2966 1102 3050 πατρίδι
1121 2962 1180 3031 καὶ
1199 2982 1298 3032 συνε-

345 3069 429 3156 δρίῳ
448 3061 668 3151 βουλεύουσι,
693 3060 732 3131 τά
755 3058 789 3131 δ’
813 3069 897 3150 ἔθνη
917 3071 1099 3134 πείθεσθαι
1116 3061 1296 3154 Ῥωμαίοις,
1311 3084 1331 3123 ²⁵

346 3158 395 3235 ὧν
409 3166 569 3254 δημόσιον
586 3161 722 3233 ἀνωθεν
741 3161 777 3233 τό
794 3164 913 3254 κράτος
926 3170 1035 3256 ἐστίν,
1057 3164 1144 3238 αύτά
1160 3196 1197 3239 τε
1218 3176 1298 3258 φίλα

315 3291 333 3345 6
348 3270 404 3338 καὶ
416 3265 547 3355 ὑπήκοα
561 3270 598 3336 ἐκ
613 3262 800 3355 προγόνων.
829 3273 863 3337 οἱ
875 3278 1023 3341 πλεῖστοι
1038 3271 1100 3361 μὲν
1114 3263 1179 3341 οῦν
1193 3294 1298 3360 προσ,

347 3371 470 3461 ήκαντο
495 3367 557 3457 τήν
580 3377 779 3459 πρεσβείαν,
807 3374 863 3441 καὶ
883 3371 922 3442 τά
942 3380 1026 3463 ἔθνη
1053 3371 1298 3464 ἀποστήσαντες

345 3476 470 3567 ῥηιδίως
497 3480 587 3561 μίσει
612 3482 670 3562 τής
697 3477 890 3562 Μαξιμίνου
917 3483 1134 3569 τυραννίδος,
1157 3480 1238 3561 τούς
1265 3506 1297 3549 τε

342 3581 453 3648 ἐκεῖσε
465 3577 683 3668 πράττοντας,
699 3585 730 3647 εί
748 3576 788 3647 τά
805 3582 999 3668 Μαξηιίνου
1021 3598 1201 3671 φρονοῖεν,
1215 3580 1297 3654 ἀπο-
1311 3602 1331 3643 ³⁰

325 3688 530 3770 κτειναντες
547 3685 766 3778 προσέθεντο
776 3679 964 3775 Ῥωμαίοις·
989 3680 1099 3768 ἀλίγον
1116 3687 1156 3751 δὲ
1176 3681 1303 3767 ww}
1370 3659 1373 3706 1

206 3825 210 3834 -
310 3790 552 3886 διεχρήσαντο
578 3793 664 3882 τούς
689 3792 865 3875 ἐλθόντας
888 3778 1092 3879 πρὲοβειςῆ
1112 3780 1196 3867 w&
1219 3808 1324 3866 ww·
