3134 4367
716 426 868 484 TPITON
1221 426 1258 488 81

302 616 374 663 σαν.
408 591 516 683 ῆγάρ
538 590 698 683 ἀπόβασις
721 590 821 683 καὶῆ
848 592 928 683 τύχη
953 599 1013 664 τού
1034 600 1178 687 πολέμου
1203 597 1259 679 τὰς

301 698 471 787 ἑκατέρων
490 696 624 785 γνω’μας
643 703 784 786 ἔκρινεν.
844 694 1048 789 ἀφικομένης
1067 700 1103 769 δὲ
1121 708 1176 791 τῆς
1197 710 1289 775 τοῦκ

301 794 648 895 Σευῆρου;δυνάμεως
662 804 694 881 ἐς
709 798 770 890 τῆν
782 808 929 871 Γαλλίαν
949 803 1104 890 γεγόνασι
1126 806 1187 891 μέν
1206 833 1257 874 τι-

301 930 358 985 νες
374 900 611 998 ἀκροβολισμοὶΙ
628 899 709 972 καθ’
727 907 823 995 ἕτερα
843 910 965 994 χωρία,
986 900 1007 992 ῆ
1028 904 1065 973 δέ
1085 913 1256 977 τελευταία

271 1037 285 1077 ⁵
301 1007 380 1096 περὶ
395 1006 627 1095 Λούγδουνον,
642 1007 790 1097 μεγάληυ
803 1008 902 1077 πόλιν
914 1009 970 1077 καλ
990 997 1187 1096 εύδαίμονα,
1202 1014 1262 1079 ένε.
1274 1036 1308 1072 υτ

300 1099 324 1198 ᾖ
337 1115 556 1190 κατακλείσας
569 1108 689 1179 ἑαυτὸν
703 1106 720 1180 ὁ
739 1106 888 1199 Ἀλβῖνος
903 1117 1015 1200 ἔμενε,
1032 1109 1091 1181 τὸν
1106 1111 1143 1179 δέ
1157 1132 1258 1198 στρα-

300 1211 361 1283 τὸν
375 1216 408 1294 ἐς
425 1212 487 1301 τῆν
505 1211 613 1301 μάχην
628 1214 797 1302 ἐξέπεμψε.
832 1216 1012 1303 γενομένης
1032 1214 1070 1283 δὲ
1089 1222 1259 1303 συμβολῆς

301 1322 463 1406 καρτερᾶς
477 1317 531 1386 ἐπὶ
550 1323 706 1385 πλεῖστον
723 1316 786 1406 μὲν
806 1316 983 1408 ἰσόρροπος
1006 1323 1123 1406 ἔμενεν
1144 1320 1259 1387 ἑκατέ-

302 1447 374 1506 ροις
387 1426 445 1506 τῆς
459 1426 553 1507 νίκης
567 1415 588 1507 ῆ
607 1419 698 1507 τύχη.
727 1421 783 1489 καλ
798 1418 861 1511 γὰρ
875 1425 908 1489 οἱ
924 1422 1103 1509 Βρεττανοὶ
1117 1417 1258 1511 ἀνδρείᾳ

263 1548 338 1592 τοτε
360 1524 417 1591 καὶ
437 1530 538 1615 θυμῷ
561 1529 691 1613 φονικῷ
715 1517 818 1592 σύδὲν
839 1528 907 1591 τῶν
926 1520 1098 1612 Ἰλλυριῶν
1119 1520 1255 1594 ἀπολεί-

300 1648 437 1695 πονται·
452 1632 617 1714 γενναίων
635 1616 698 1694 ούν
714 1632 864 1716 στρατῶν
884 1628 1098 1714 μαχομένων,
1119 1624 1255 1697 ούδετέ-

300 1756 372 1817 ρων
387 1731 487 1819 ῥᾳδία
501 1718 543 1817 ῆν
557 1723 578 1817 ῆ
592 1726 705 1817 τροπή.
759 1724 804 1809 ως
818 1729 858 1797 δέ
875 1756 962 1810 τινες
983 1736 1050 1798 τῶν
1070 1729 1142 1797 τότε
1166 1728 1255 1799 ίστό-
1272 1745 1289 1797 3

300 1853 425 1921 ρησαν,
440 1828 481 1901 ού
496 1829 578 1920 πρὸς
590 1829 689 1919 χάριν
705 1827 886 1921 ἀλλὰπρὸς
906 1829 1071 1921 ἀληθειαν
1091 1834 1254 1921 λέγοντες,

300 1933 391 2003 πολύ
402 1963 434 2003 τι
455 1931 636 2024 ὑπερέσχεν
658 1930 678 2022 ῆ
700 1934 827 2023 φάλαγξ
847 1943 908 2005 τοῦ
923 1932 1079 2025 Ἀλβίνου
1102 1942 1255 2024 στρατοῦ,

262 2069 286 2109 15
300 2034 382 2107 καθ’
417 2034 436 2107 δ
461 2039 559 2127 μέρος
582 2040 716 2107 τέτακτο
744 2034 761 2108 ὁ
784 2044 933 2128 Σευῆρος
956 2041 1012 2109 καί
1034 2034 1052 2108 ὁ
1076 2037 1142 2108 σύν
1164 2036 1255 2133 αύτῷ

299 2140 454 2229 στρατός,
474 2137 518 2221 ὡς
532 2156 655 2230 φυγεῖν
668 2168 703 2210 τε
718 2137 821 2211 αύτὸν
834 2144 890 2211 καλ
903 2149 963 2212 τού
977 2147 1081 2212 ἵππου
1092 2145 1253 2229 ἐκπεσεῖν,

300 2240 533 2334 ἀπορρίψαντα
554 2243 592 2314 δὲ
605 2240 665 2332 τῆν
677 2244 830 2333 χλαμύδα
848 2244 910 2333 τῆν
927 2241 1103 2335 βασιλικῆν
1123 2254 1253 2316 λαβεῖν.

300 2342 369 2435 ῆδη
383 2347 420 2416 δὲ
434 2346 627 2417 διωκόντων
640 2349 696 2417 καί
715 2348 963 2433 παιωνιζόντων
977 2355 1045 2417 τῶν
1057 2356 1254 2438 Βρεττανῶν

279 2445 345 2531 ,ὡς
359 2447 402 2539 δῆ
420 2449 662 2539 νενικηκότων,
683 2454 886 2540 ἐπιφανῆναι
907 2460 1048 2537 Λαῖτον,
1069 2449 1254 2541 στρατηγὸν

262 2549 381 2624 κιόντα
397 2554 570 2642 Σευῆρον,
584 2552 649 2623 σύν
662 2560 707 2646 τῷ
727 2561 857 2647 στρατῷ
877 2544 919 2623 ού
938 2545 1055 2641 ἦρχεν,
1076 2549 1200 2641 ἀκμῆτί
1218 2579 1253 2621 τε

299 2652 373 2725 ὄντι
386 2658 442 2726 καί
457 2660 517 2739 ἔξω
530 2656 633 2745 μάχης
651 2656 812 2743 γεγονότι.
865 2656 1081 2743 διαβάλλουσι
1096 2656 1133 2724 δὲ
1147 2651 1251 2723 αύτδν
1266 2672 1283 2723 4

299 2755 343 2840 ὦς
353 2758 628 2848 καραδοκησαντα
638 2757 698 2848 τῆν
712 2754 878 2847 ἀπόβασιν
886 2765 944 2847 τῆς
953 2756 1056 2847 μάχης
1070 2760 1125 2827 καλ
1135 2757 1252 2828 ἑκόντα

298 2863 532 2951 βραδύναντα,
546 2861 606 2932 τόν
624 2861 662 2932 δὲ
678 2857 740 2950 ἀφ’
757 2864 864 2955 ἑαυτῷ
885 2858 1027 2950 στρατὸν
1047 2856 1174 2951 ἀκμῆτα
1194 2889 1253 2949 τη-

299 2965 463 3055 ρῆσαντα,
477 2963 540 3055 τῆν
552 2962 658 3055 ἀρχῆν
671 2966 778 3059 ἑαυτῷ
793 2964 984 3055 μνιόμενον,
999 2964 1073 3034 τότε
1087 2968 1253 3055 ἐπιφανῆ-

259 3103 284 3143 π
301 3097 357 3139 ναι
371 3065 426 3139 ὅτε
439 3076 545 3158 ἔμαθε
558 3066 617 3138 τὸν
635 3076 788 3159 Σευῆρον
802 3066 1005 3139 πεπτωκότα.
1028 3077 1199 3139 πιστοῦται
1215 3068 1252 3137 δέ

298 3170 360 3261 τῆν
382 3171 544 3262 διαβολῆν
572 3171 696 3261 ταύτην
723 3168 743 3261 ῆ
770 3170 945 3262 ἀπόβασις·
973 3168 1114 3256 ὕστερον
1141 3172 1204 3263 γὰρ
1233 3168 1251 3238 ό

297 3282 467 3365 Σευῆρος,
494 3274 575 3365 μετὰ
595 3273 631 3345 τὸ
653 3276 760 3345 πάντα
783 3282 995 3367 κατορθῶσαι
1020 3275 1074 3343 καὶ
1103 3275 1186 3345 εἶναι
1215 3277 1252 3344 ἐν

298 3376 471 3471 ἀμερίμνῳ
489 3386 564 3471 βίῳ,
586 3376 663 3459 τούς
682 3380 744 3467 μὲν
766 3376 887 3461 ἀλλους
909 3377 1032 3459 πάντας
1049 3374 1252 3468 στρατηγούς

297 3479 404 3553 αὑτοῦ
423 3482 573 3570 μεγάλως
591 3477 768 3570 ῆμείυατο,
788 3480 847 3552 τὸν
867 3482 905 3552 δὲ
924 3489 1047 3550 Λαῖτον
1066 3482 1186 3570 μόνον,
1208 3476 1253 3559 ὦς

257 3612 283 3653 ιο
300 3585 405 3673 εἰκός,
434 3583 682 3675 μνησικακήσας
706 3585 910 3675 διεχρήσατο.
963 3580 1046 3653 ἀλλά
1067 3594 1169 3655 ταῦτα
1194 3581 1286 3669 μένύ

298 3686 443 3776 ὕστερον
468 3691 614 3776 ἐγένετο,
635 3687 708 3758 τότε
737 3686 769 3756 δ’
793 3680 872 3775 ούν,
899 3684 943 3769 εὸς
969 3695 1177 3777 προείρηται,
1194 3687 1255 3751 τοῦ

297 3800 425 3863 Λαίτον
452 3794 670 3881 ἐπιφανέντος
695 3789 760 3862 σὺν
782 3798 892 3886 νεαρῷ
917 3796 1049 3882 στρατῷ
1075 3794 1110 3859 οἱ
1127 3789 1188 3877 μὶν
1206 3793 1270 3853 που

336 3924 513 3964 woman.
1119 3901 1142 3962 ἦ
