3134 4367
693 407 871 468 ΠΡΩΤΟΝ
1218 407 1256 469 13

296 580 501 671 ῦποδεχθείς
513 607 549 650 τε
562 585 733 668 πανταχοῦ
746 586 926 668 βασιλικῶς
942 582 998 649 καὶ
1011 580 1127 671 δήμοις
1141 581 1255 672 ἑορτά-

297 698 413 774 ζουσιν
435 688 629 773 ἐπιφανείς,
649 681 816 763 άσπαστός
838 710 873 753 τε
900 685 956 753 καὶ
975 683 1135 767 ποθεινός
1154 691 1257 756 πᾶσιν

300 790 414 879 ώφθη.
469 784 512 868 ῦς
527 788 564 858 δὲ
578 795 720 875 πλησίον
734 789 866 874 ἐγένετο
879 792 936 876 τής
951 782 1090 877 Ῥώμης,
1112 788 1201 860 πῦσά
1220 816 1256 859 τε
1269 811 1289 867 3

299 892 319 984 ή
333 893 517 981 σύγκλητος
531 888 637 980 βουλή
652 892 708 959 καὶ
723 892 890 979 πανδημεὶ
904 887 975 959 ὅσοι
987 888 1050 981 τήν
1057 888 1183 981 Ῥώμην
1196 921 1255 962 κα-

267 1030 282 1069 ε
299 997 433 1092 τώκουν
446 994 639 1084 ἄνθρωποι,
659 991 704 1083 μή
725 993 944 1082 κατασχόντες
957 988 1071 1064 αῦτῦν
1083 992 1156 1066 ἄλλ’
1179 1000 1255 1067 ἕκα-

299 1123 376 1181 στος
390 1100 523 1190 φθάσαι
543 1099 676 1182 θέλων,
695 1096 908 1185 δαφνηφόροι
925 1124 961 1167 τε
981 1099 1038 1166 καὶ
1057 1098 1166 1168 πάντα
1185 1103 1256 1168 ἐπι-

300 1203 482 1293 φερόμενοι
501 1200 592 1289 ῦνθη
617 1199 691 1270 τότε
714 1197 916 1288 ἀκμάζοντα,
937 1195 981 1281 ῦς
999 1204 1135 1282 ἕκαστος
1156 1197 1258 1282 οἷόςτε

300 1299 359 1397 ήν,
374 1306 489 1396 πόρρω
503 1310 560 1394 τής
573 1301 700 1383 πόλεως
712 1298 882 1394 ὑπήντων,
896 1305 1095 1394 θεασόμενοι
1109 1303 1169 1375 τόν
1181 1307 1260 1375 νέον

301 1413 358 1484 καὶ
386 1407 509 1498 εῦγενή
536 1410 686 1496 βασιλέα.
739 1406 891 1478 ἐπόθουν
916 1406 980 1497 γάρ
1007 1405 1110 1479 αῦτδν
1137 1405 1289 1497 ῦληθεϊ4

259 1542 285 1582 ιο
301 1520 411 1603 ψυχής
432 1514 588 1582 διαθέσει
603 1508 662 1580 ἅτε
689 1508 766 1599 παρ’
790 1507 903 1591 αὐτοῖς
923 1516 1132 1600 γεννηθέντα
1144 1540 1182 1581 τε
1203 1516 1259 1582 καλ

300 1621 472 1705 τραφέντα
498 1617 554 1684 καὶ
579 1612 717 1684 άνωθεν
739 1618 776 1684 ἐκ
797 1622 967 1704 τριγονίας
986 1619 1125 1702 βασιλέα
1145 1644 1181 1685 τε
1204 1619 1261 1685 καὶ

302 1718 510 1809 εὐπατρίδην
523 1716 603 1787 ῦντα
620 1714 800 1805 Ῥωμαίων.
826 1714 864 1787 τό
883 1717 945 1805 μέν
958 1716 1022 1805 γάρ
1040 1717 1123 1807 πρός
1137 1719 1262 1808 πατρὸς

302 1822 394 1916 αὐτῷ
408 1827 505 1911 γένος
520 1825 562 1890 ἐκ
575 1826 644 1890 τών
657 1826 716 1909 τής
735 1820 924 1910 συγκλήτου
945 1827 1069 1910 βουλής
1090 1822 1261 1912 ἐπισήμων
1366 1831 1375 1846 “

302 1920 364 2016 ήν·
391 1936 564 1996 Φαυστῑνα
578 1925 616 1994 δέ
628 1920 649 2014 ή
663 1923 769 2015 μήτηρ
783 1932 960 2013 βασίλισσα
978 1927 1136 2015 γεγένητο
1150 1926 1260 2015 θυγά-

262 2060 287 2101 ιε
303 2059 366 2120 τηρ
385 2058 421 2099 τε
442 2021 527 2099 οῦσα
542 2025 745 2098 Ἀντωνίνου
758 2034 819 2098 τοῦ
839 2025 997 2116 εὐσεβοῦς
1011 2032 1260 2119 ἐπικληθέντος,

303 2136 360 2204 καὶ
376 2131 554 2222 Ἀδριανοῦ
568 2138 704 2219 ἔγγονος
717 2130 801 2201 κατά
812 2138 1033 2221 θηλυγονίαν,
1047 2129 1210 2223 ἀνήνεγκε
1223 2133 1263 2204 δὲ

303 2237 341 2308 τὸ
355 2240 450 2325 γένος
464 2233 548 2325 αῦτη
562 2238 616 2305 ἐπὶ
634 2233 801 2325 Τραϊανὸν
815 2235 1027 2325 πρόπαππον.

406 2343 526 2429 γένους
539 2340 602 2428 μὲν
615 2329 678 2409 οῦν
693 2334 711 2409 ὁ
723 2339 901 2430 Κόμμοδος
914 2335 1020 2418 οῦτως
1034 2338 1111 2427 εἶχε,
1127 2339 1210 2431 πρὸς
1223 2340 1260 2410 δὲ
1274 2354 1292 2406 5

305 2450 346 2534 τή
358 2450 417 2532 τής
430 2439 561 2533 ήλικίας
575 2440 664 2532 ἀκμή
680 2446 737 2512 καὶ
749 2441 811 2533 τήν
831 2441 911 2527 ὅφιν
923 2433 967 2531 ήν
984 2439 1178 2525 ἀξιοθέατος
1194 2444 1260 2511 σώ·

264 2570 292 2611 νο
307 2546 408 2636 ματός
428 2575 463 2616 τε
484 2554 670 2638 συμμετρία
689 2549 746 2615 καὶ
765 2546 881 2616 κάλλει
901 2545 1083 2634 προσώπου
1105 2543 1178 2633 μετ’
1201 2542 1260 2613 άν-

307 2657 430 2739 δρείας.
458 2647 648 2738 ὀφθαλμῶν
661 2677 697 2718 τε
711 2647 775 2738 γάρ
794 2646 937 2737 ῦρθμιαι
950 2649 1007 2716 καὶ
1020 2646 1189 2734 πυρώδεις
1203 2655 1261 2734 βο-

306 2760 364 2824 λαί
370 2806 379 2841 ,
394 2754 480 2842 κόμη
495 2780 531 2822 τε
545 2753 646 2842 φύσει
659 2751 767 2842 ξανθή
788 2754 846 2821 καὶ
859 2748 957 2837 οῦλη,
973 2745 1033 2835 ώς,
1049 2761 1083 2820 εί
1092 2776 1171 2820 ποτε
1185 2779 1261 2839 φοι-

305 2855 374 2952 τώη
396 2854 441 2927 δι’
462 2852 577 2946 ήλίου,
597 2860 757 2925 τοσοῦτον
776 2854 958 2946 ἐκλάμπειν
977 2851 1067 2947 αὐτῷ
1088 2857 1264 2945 πυροειδές

306 2990 338 3031 τι
353 2956 398 3041 ώς
411 2958 489 3040 τοῦς
506 2960 568 3049 μέν
580 2967 714 3030 οίεσθαι
734 2963 858 3050 ρίνημα
876 2964 1002 3048 χρυσοῦ
1021 2959 1172 3049 προϊόντι
1190 2963 1262 3029 ἐπι-

266 3094 293 3136 ω
309 3064 508 3150 πάσσεσθαι,
521 3062 599 3145 τοῦς
613 3064 650 3133 δέ
663 3062 860 3151 ἐκθειάζων,
878 3066 1035 3152 λέγοντας
1055 3073 1176 3152 αίγλην
1189 3061 1265 3133 τινὰ

308 3165 480 3258 οῦράνιονΙΙ
490 3168 567 3253 περὶ
592 3164 655 3257 τήν
680 3165 834 3258 κεφαλήν
859 3170 1129 3255 συγγεγενῆσθαι
1155 3164 1247 3260 αὐτῷ
1254 3189 1262 3203 ·

309 3278 421 3341 ίονλοί
437 3298 473 3340 τε
494 3267 599 3340 αῦτοῦ
618 3270 789 3350 κατιόντες
814 3286 886 3351 ταῖς
906 3285 1058 3359 παρειαῖς
1077 3269 1271 3361 ἐπήνθουνν

308 3380 463 3444 τοιοῦτον
477 3372 519 3463 δή
532 3373 736 3463 θεασάμενοι
748 3371 808 3443 τόν
827 3375 965 3461 βασιλέα
984 3378 1019 3442 οί
1034 3370 1184 3463 Ῥωμαῖοι
1205 3371 1261 3444 εῦ-

309 3485 449 3567 φημίαις
474 3504 510 3547 τε
531 3482 759 3557 παντοδαπαῖς
781 3479 838 3545 καὶ
857 3474 1033 3564 στεφάνων
1052 3480 1108 3547 καὶ
1127 3474 1264 3548 άνθέων

271 3614 295 3656 ιο
310 3589 426 3669 βολαῖς
438 3576 651 3668 ῦπεδέχοντο.
704 3575 747 3659 ώς
761 3578 792 3649 δ’
811 3583 843 3660 ἐς
861 3578 923 3669 τήν
938 3574 1065 3668 Ῥώμην
1079 3581 1263 3669 εἰσήλασεν,
1277 3599 1295 3654 6

311 3691 345 3765 ἐς
356 3712 394 3754 τε
406 3690 467 3754 τοῦ
480 3682 564 3765 Διὸς
577 3683 614 3753 τό
627 3685 761 3772 τέμενος
774 3686 830 3753 καὶ
843 3682 921 3764 τοῦς
933 3680 1053 3764 ῦλλους
1067 3682 1150 3762 νεώς
1164 3679 1262 3749 άνελ-
1309 3701 1315 3718 “

311 3786 388 3858 θῦν
406 3785 525 3874 εῦθός,
540 3794 581 3880 τῇ
594 3784 770 3887 συγκλήτῳ
789 3790 848 3862 καὶ
866 3805 939 3875 τοῖς
954 3784 1119 3877 ἐνῬώμη
1129 3791 1293 3853 mmm-
1367 3815 1371 3822 =
