3134 4367
336 438 397 500 204
722 437 894 499 ΟΓΔΟΟΝ

335 608 507 699 ὁμονοεῖν,
530 604 603 680 ἀλλ’
626 612 680 677 οἵα
699 635 761 696 περ
788 614 969 697 μοναρχίας
991 610 1156 697 ἐπιθυμία
1176 608 1234 676 καὶ
1254 602 1288 675 τὸ

336 710 564 802 ἀκοινώνητον
584 715 621 782 ἐν
640 727 711 791 ταῖς
730 713 907 799 ἐξουσίαις,
927 714 1063 793 ἕκαστος
1080 708 1166 801 πρὸς
1187 706 1289 780 αὐτὸν

335 815 398 905 τήν
417 816 563 906 δύναμιν
583 812 780 900 άνθεῖλκεν,
804 810 899 902 ὁμὲν
914 821 1077 903 Βαλβῖνος
1097 810 1172 885 κατ’
1193 808 1289 901 εὐγέ-

334 946 432 989 νειαν
456 921 514 989 καὶ
536 924 659 1005 διπλῆν
679 917 893 1007 προάγουσαν
915 913 1078 987 ὑπατείαν
1104 912 1291 1007 πρωτεύειν

335 1020 454 1111 ἀξιῶν,
475 1019 494 1093 δ
516 1022 554 1093 δὲ
572 1020 726 1108 Μάξιμος
744 1018 801 1089 διά
823 1047 859 1088 τε
875 1017 913 1090 τὸ
927 1026 1069 1109 ἔπαρχος
1087 1026 1146 1108 τής
1165 1015 1315 1098 πόλεωςτ

335 1127 510 1214 γεγονέναι
523 1126 579 1193 καί
592 1130 680 1212 ἐχειν
692 1118 877 1211 ὑπολήψεις
890 1126 1061 1213 ἐμπειρίας
1076 1122 1290 1215 πραγμάτων·

337 1230 547 1319 ἑκατέρωθέν
563 1254 599 1296 τε
620 1223 769 1315 εὐγενεῖς
789 1226 846 1294 καὶ
867 1222 1065 1316 εὐπατρίδαι
1090 1228 1148 1296 καί
1174 1228 1292 1314 γένους

337 1338 467 1420 πλῆθος
486 1327 650 1421 αὔταρκες
676 1332 710 1411 ἐς
731 1332 918 1417 ἐπιθυμίαν
936 1336 1117 1419 μοναρχίας
1144 1335 1291 1399 ἔπειθεν.

306 1442 324 1493 5
339 1431 420 1525 ὅπερ
434 1430 548 1514 αὐτοῖς
562 1434 619 1502 καλ
631 1432 771 1521 μάλιστα
784 1434 923 1522 γέγονεν
935 1429 1101 1512 άτωλείας
1114 1441 1235 1502 αίτιον.
1251 1425 1292 1510 ως

336 1536 400 1626 γάρ
416 1533 560 1607 ἐπύθετο
573 1532 591 1607 ὁ
606 1536 761 1625 Μάξιμος
779 1532 997 1624 ἀφικνεῖσθαι
1011 1532 1063 1605 ἐπ’
1080 1532 1216 1628 ὀλέθρφ
1229 1529 1290 1604 αὐ·
1306 1556 1326 1595 ¹⁰

336 1647 404 1709 τῶν
417 1639 496 1721 τούς
514 1636 783 1730 πραιτωριανούς
799 1640 1043 1727 καλουμένους,
1062 1638 1221 1727 ἐβούλετο
1234 1664 1291 1725 με-

336 1747 573 1832 ταπέμψασθαι
594 1740 673 1825 τούς
694 1749 727 1811 Γ
724 1740 891 1831 ερμανούς
911 1740 1120 1830 συμμάχους,
1141 1736 1244 1821 ὄντας
1257 1743 1291 1810 ἐν

331 1844 447 1937 Ῥώμῃ,
461 1844 639 1934 αὐτάρκεις
653 1847 830 1933 ἐσομένους
850 1841 1044 1934 άντιστήναι
1063 1858 1132 1924 τοῖς
1152 1846 1291 1932 ἐπιβου-

335 1949 504 2019 λεύουσιν.
539 1945 558 2017 δ
578 1948 616 2018 δέ
636 1955 801 2036 Βαλβῖνος
821 1947 972 2036 οίάμενος
992 1948 1094 2017 δόλον
1111 1944 1187 2016 τινὰ
1207 1945 1292 2017 εἶναι

334 2047 414 2121 καθ’
435 2047 541 2119 αὑτοῦ
559 2052 616 2120 καὶ
637 2049 786 2138 σόφισμα
807 2046 895 2141 (ήδει
916 2049 979 2139 γάρ
1000 2048 1078 2131 τούς
1097 2046 1290 2141 Γερμανοὺς
1306 2072 1326 2114 ιε

334 2160 381 2246 τῷ
394 2156 540 2244 Μαξίμῳ
560 2149 775 2238 εὐνοοῦντας)
790 2152 933 2241 ἐκώλυε,
949 2153 1088 2241 φάσκων
1100 2150 1165 2223 οὐκ
1177 2156 1213 2233 ἐς
1226 2179 1292 2221 κω·

335 2257 446 2344 λύμην
460 2252 535 2326 οὐδ’
556 2259 588 2337 ἐς
604 2253 796 2326 ἀντίστασιν
815 2253 939 2337 αὐτούς
952 2264 1020 2326 τῶν
1035 2262 1292 2346 πραιτωριανῶυ

337 2356 534 2449 ἀφίξεσθαι,
558 2356 631 2428 ἄλλ’
657 2362 690 2440 ἐς
709 2355 746 2429 τό
767 2367 981 2449 περιποιῆσαι
998 2367 1044 2453 τῷ
1064 2362 1212 2453 Μαξίμῳ
1232 2357 1292 2447 τήν

302 2469 532 2552 σμοναρχίαν.
559 2464 596 2533 ἐν
619 2452 646 2556 ᾦ
666 2462 704 2533 δὲ
724 2464 802 2550 περὶ
823 2462 953 2533 τούτων
966 2465 1202 2551 διαφέρονται,
1223 2468 1291 2532 είσ-

324 2567 519 2656 δραμόντες
544 2571 578 2635 οί
603 2572 800 2657 στρατιῶται
821 2562 1042 2656 ὁμοθυμαδὸν
1054 2562 1215 2653 ἅπαντες,
1235 2568 1290 2635 ἐκ·
1304 2592 1326 2631 οι

335 2670 487 2741 στάντων
500 2666 614 2751 αὐτοῖς
627 2678 696 2739 τῶν
708 2671 787 2758 περί
809 2669 866 2752 τὰς
887 2666 1043 2750 αὐλείους
1058 2668 1211 2750 είσόδους
1224 2697 1292 2759 φν-

336 2772 541 2859 λαττόυτων,
557 2769 740 2862 ἁρπάζουσι
759 2770 840 2853 τούς
852 2772 1057 2861 πρεσβύτας,
1072 2772 1292 2861 περιρρήξαν-

336 2904 390 2958 τες
403 2877 440 2945 δέ
454 2872 492 2957 ἃς
507 2875 595 2962 εἶχον
610 2878 688 2965 περὶ
706 2890 776 2955 τοῖς
797 2875 947 2963 σάμασιν
965 2879 1108 2963 ἐσθῆτας
1126 2874 1221 2957 λιτάς
1238 2871 1289 2944 ἅτ’

336 2989 422 3049 οίκοι
436 2984 673 3068 διατρίβοντες,
681 2975 832 3065 γυμνοὺς
839 2984 896 3064 τής
905 2985 1076 3066 βασιλείου
1085 2975 1190 3067 αὐλής
1205 2981 1292 3061 ἐξέλ-

336 3102 434 3152 κουσι
447 3079 529 3170 μετὰ
541 3079 648 3168 πάσης
660 3079 819 3167 αίσχύνής
839 3081 897 3149 καὶ
913 3077 1060 3169 ὕβρεως·
1082 3084 1238 3164 παίοντές
1256 3108 1290 3150 τε
1305 3107 1327 3147 ω

337 3185 394 3253 καὶ
403 3180 675 3262 άτοσκάπτουτες
687 3179 766 3262 τούς
775 3179 840 3252 άπὸ
855 3183 1045 3271 συγκλήτου
1054 3188 1223 3274 βασιλέας,
1237 3212 1292 3274 γε-

337 3294 440 3356 νείων
453 3314 488 3356 τε
501 3288 558 3355 καὶ
572 3282 714 3376 ὀφρύων
726 3302 934 3375 σπαραγμοῖς
947 3288 1004 3357 καί
1017 3288 1137 3369 πάσαις
1151 3305 1224 3370 ταῖς
1233 3294 1292 3358 τοῦ

338 3387 486 3477 σώματος
501 3387 625 3477 λεάβαις
643 3392 938 3479 ἐμπαροινοῦντες,
962 3375 1019 3460 διὰ
1039 3392 1141 3480 μέσης
1160 3399 1219 3481 τής
1232 3390 1293 3463 πό·

339 3501 422 3573 λεως
436 3493 491 3562 ἐπὶ
505 3490 542 3563 τδ
555 3493 782 3581 στρατόπεδον
796 3490 937 3583 άπήγον,
946 3490 987 3563 οὐ
997 3493 1201 3585 θελήσαντες
1215 3490 1290 3565 οὐδ’

335 3598 376 3666 ἐν
389 3610 457 3676 τοῖς
470 3602 653 3686 βασιλείοις
673 3592 866 3668 ἀποκτεῖναι
881 3594 964 3666 άλλά
985 3605 1084 3682 ζῶσιν
1104 3601 1290 3689 ἐνυβρίσαι,
1306 3624 1329 3665 ω

289 3708 312 3761 7
319 3695 374 3768 ἵν’
383 3702 445 3772 ἐπὶ
455 3703 567 3776 πλέον
580 3691 631 3775 οἷν
644 3700 837 3795 πάσχουσιν
852 3711 1040 3773 αῖσθοιντο.
1065 3702 1138 3768 {aa
1147 3703 1187 3768 Q}
1195 3708 1297 3768 ταύτά

262 3855 265 3860 -
298 3806 513 3899 πυθόμενοι
527 3816 571 3886 οί
580 3817 785 3909 Γερμανοί,
800 3796 1269 3901 λαβάντεςύπλα,ἢπεῖχοντο
1280 3794 1327 3870 ἃδε
