3134 4367
631 495 634 500 ¹
668 425 890 485 Ασιττεοα
1217 425 1254 487 ω

298 592 453 679 σκεύαζε·
469 593 778 684 τούςτεὲλέςοαντας
786 594 920 685 πάντας,
931 604 966 666 οἳ
976 600 1009 677 ές
1023 595 1158 687 πομπὴν
1169 592 1257 686 ύπη-

297 705 434 790 ρετούσι
452 695 637 788 Ῥωμαίοις,
659 699 811 788 πύργους
836 700 892 769 καὶ
916 696 1041 786 ἀνδρας
1065 703 1182 791 φέρειν
1201 703 1257 772 έπλ

296 810 366 874 τῶν
398 800 517 872 νῶτων
545 806 740 888 ἐπαίδευεν,
772 801 924 889 οἰόμενος
951 798 1057 884 οὕτως
1083 804 1256 891 ἐκπλήξειν

296 905 375 986 τούς
390 934 426 975 τε
441 902 637 995 Ἰλλυριούς,
652 908 709 975 καὶ
723 902 784 992 τὴν
802 913 869 976 τῶν
883 913 1051 995 πολεμίων
1067 911 1168 976 ἵππον
1181 912 1256 976 δια-

267 1031 280 1070 ⁵
298 1009 456 1096 ταράξειν
476 1005 553 1089 όψει
574 1010 630 1078 καλ
648 1012 785 1097 μεγέθει
805 1017 937 1097 θηρίων
951 1008 996 1098 μὴ
1015 1009 1180 1096 πρότερον
1194 1005 1257 1079 αύ-

296 1128 367 1193 τοῑς
381 1114 591 1201 ἑωραμένων.
607 1111 680 1181 τότε
694 1110 735 1201 δὴ
751 1118 839 1182 πᾶσα
852 1108 872 1199 ἡ
887 1112 982 1194 πόλις
996 1108 1082 1182 ὅπλα
1092 1111 1257 1202 είργάζετο

296 1217 355 1286 καὶ
369 1214 410 1284 τὰ
420 1213 503 1303 πρὸς
517 1215 662 1302 πόλεμον
676 1212 948 1303 παρεσκευάζετο.

401 1318 591 1406 μελλόντων
616 1318 654 1386 δὲ
672 1324 741 1387 τῶν
761 1315 946 1388 Ἰουλιανού
971 1324 1182 1409 στρατιωτῶν
1209 1323 1256 1386 ἔτι
1270 1336 1308 1397 12

296 1423 356 1491 καλ
369 1418 411 1489 τά
425 1419 508 1510 πρὸς
522 1420 666 1510 πόλεμον
681 1424 795 1510 ἕτοιμα
809 1422 1013 1510 ποιούντων,
1029 1420 1223 1511 ἀγγέλλεται
1238 1418 1255 1491 ὁ

255 1531 452 1613 1ῡΣεεῆρος
471 1520 536 1613 ἤδη
556 1524 715 1612 προσιῶν.
751 1527 809 1593 καὶ
830 1522 916 1594 πολύ
936 1532 996 1594 τού
1015 1524 1258 1615 στρατεύματος

296 1630 400 1718 μέρος
414 1627 633 1709 διασκεδάσας
647 1631 773 1708 ἐκεῖνος
794 1628 923 1697 κελεύει
943 1632 1208 1715 παρεισδύεσθαι
1226 1631 1258 1708 ές

296 1730 361 1820 τὴν
379 1730 488 1799 πόλιν.
516 1739 551 1801 οἳ
562 1731 599 1800 δὲ
613 1729 696 1800 κατά
709 1730 816 1812 πάσας
836 1727 937 1812 ὁδούς
952 1737 1180 1819 διανείμαντες
1194 1726 1258 1799 αύ-

297 1834 389 1921 τούς,
401 1836 519 1903 πολλοὶ
534 1831 565 1903 δ’
584 1836 617 1914 ἐς
626 1830 753 1922 Ῥῶμην
762 1834 895 1923 νύκτωρ
906 1834 1133 1915 λανθάνοντες
1148 1833 1257 1923 εἰσῄε-

299 1960 380 2026 σαν,
403 1934 443 2005 τὰ
463 1933 549 2007 ὅπλα
571 1932 859 2028 ὑποκρύπτοντες,
881 1941 918 2007 έν
941 1943 1085 2007 ἰδιωτῶν
1107 1937 1255 2025 σχήματι.

257 2062 283 2101 1⁵
301 2043 358 2111 καὶ
378 2038 443 2129 ἤδη
465 2046 500 2110 οἱ
518 2042 670 2129 πολέμιοι
691 2046 791 2111 ἔνδον
815 2031 901 2129 ἦσαν
920 2049 980 2110 τοῦ
1004 2038 1189 2111 Ἰονλιανοῦ
1210 2047 1288 2109 ἔτιι

299 2141 516 2227 ύπτιάζοντος
536 2142 647 2213 καὶτὰ
665 2145 872 2232 πραττόμενα
888 2139 1100 2232 ἀγνοοῦντος.
1129 2145 1201 2214 ἐπεὶ
1221 2142 1259 2211 δὲ

299 2255 405 2317 ταῦτα
423 2247 590 2316 διάπνστα
610 2247 764 2340 τῷδήμῳ
788 2250 935 2336 ἐγένετο,
956 2251 992 2316 ἐν
1012 2255 1136 2338 ταραχῇ
1152 2252 1259 2336 πολλῇ

300 2351 423 2431 πάντες
436 2340 539 2438 ἦσαν,
554 2352 611 2419 καλ
624 2351 771 2431 δεδιότες
784 2349 845 2439 τὴν
865 2350 1011 2440 δύναμιν
1027 2358 1087 2421 τοῦ
1102 2350 1259 2438 Σεεήρου

300 2452 341 2523 τὰ
355 2457 489 2523 ε’κείνον
503 2470 643 2542 φρονεῖν
662 2462 941 2544 προσεποιοῦντο,
965 2462 1024 2523 τού
1044 2455 1105 2542 μέν
1119 2452 1260 2523 Ἰονλια-

258 2576 285 2616 2⁰
302 2564 364 2626 νοῦ
379 2556 683 2644 καταγινώσκοντες
697 2553 893 2645 ἀνανδρίαν,
906 2564 967 2625 τοῦ
982 2558 1019 2625 δὲ
1032 2564 1166 2644 Νίγρον
1180 2557 1260 2642 μέλ-

300 2668 399 2747 λησίν
419 2689 454 2730 τε
475 2662 532 2729 καλ
556 2664 744 2752 ῥαθυμίαν·
767 2658 826 2728 τὸν
847 2660 884 2728 δὲ
905 2665 1060 2748 Σεεῆρον
1081 2656 1260 2736 ἀκούοντες

300 2760 364 2853 ἤδη
381 2762 532 2853 παρόντα
546 2762 744 2851 ἐθαύμαζον.
762 2758 780 2831 δ
796 2762 833 2830 δὲ
845 2759 1023 2842 Ἰονλιανδς
1037 2768 1142 2851 πολλῇ
1157 2777 1288 2831 κατα-3

301 2867 552 2956 λαμβανόμενος
566 2864 695 2957 ἀφασίᾳ
707 2893 742 2936 τε
756 2866 814 2935 καὶ
834 2861 974 2956 ἀπορία,
996 2861 1085 2945 ὅπως
1104 2864 1260 2953 χρήσεται

302 2986 370 3051 τοῖς
383 2970 575 3060 πράγμασιν
584 2967 646 3039 ούκ
664 2968 776 3057 είδῶς,
793 2964 1019 3059 ἀθροισθῆναι
1033 2969 1192 3048 κελεύσας
1201 2965 1261 3055 τὴν

261 3096 287 3137 ιε
303 3073 494 3162 σύγκλητον
512 3074 715 3162 καταπέμπει
729 3072 921 3163 γράμματα,
943 3069 989 3141 δι’
1014 3063 1062 3141 ῶν
1083 3075 1260 3142 ἐσπένδετο

302 3174 344 3265 δὴ
359 3175 443 3268 πρὸς
456 3172 516 3245 τὸν
529 3183 683 3264 Σεεῆρον
696 3180 751 3245 καὶ
766 3173 994 3265 αύτοκράτορα
1006 3173 1180 3259 ἀναδείξας
1189 3203 1261 3244 κοι-

302 3277 415 3350 νωνόν
429 3286 487 3367 τῆς
508 3287 678 3369 βασιλείας
697 3284 851 3350 έποιεῑτο.
878 3276 899 3368 ἡ
919 3279 957 3348 δὲ
977 3279 1160 3367 σύγκλητος
1179 3281 1262 3367 ἐψη-

303 3390 425 3471 φίσατο
446 3382 508 3471 μέν
530 3391 651 3469 ταῦτα,
673 3380 817 3472 ὁρῶντες
838 3382 876 3451 δὲ
895 3380 954 3451 τὸν
973 3379 1157 3452 Ἰουλιανόν
1177 3379 1262 3451 ἀπο-

303 3492 481 3555 δειλιῶντα
497 3488 553 3557 καὶ
571 3490 607 3555 έν
621 3482 825 3573 ἀπογνῶσει,
843 3493 889 3578 τῷ
904 3484 1045 3576 Σεειήρω
1060 3485 1180 3567 πάντες
1196 3481 1261 3573 ἤδη

267 3606 290 3649 ³⁰
304 3596 555 3680 προσετίθεντο.
609 3586 670 3657 δύο
693 3590 732 3657 δέ
749 3616 816 3659 που
837 3584 858 3677 ἢ
879 3596 982 3678 τριῶν
1002 3584 1135 3678 ἡμερῶν
1153 3609 1291 3676 παρα-4

304 3697 523 3782 δραμουσῶν,
544 3697 679 3779 ἐπείπερ
701 3687 765 3780 ἤδη
786 3689 846 3761 τόν
868 3698 1024 3782 Σεεῆρον
1041 3694 1098 3761 καλ
1118 3686 1203 3776 αὐτῇ
1221 3694 1262 3777 τῇ

303 3796 399 3868 πόλει
421 3795 679 3887 ἐπιστησόμενον
699 3790 842 3886 ἤκουον,
869 3794 1188 3890 καταφρονήσαντες
1208 3797 1273 3860 τῶ)
