3134 4367
335 424 377 488 ης
694 419 943 472 oxomspor

334 611 405 676 τοῖς
417 591 633 682 στρατιώταις
646 591 856 681 διαρπάζειν,
873 599 906 662 εἰ
914 592 1058 680 χάρακος
1071 588 1092 681 ἢ
1106 590 1307 683 ἀποσκευῆς·

333 696 356 788 ἢ
375 705 542 786 φρουρίου
562 695 790 781 κυριεύσειεν,
809 689 864 763 ὁτὲ
879 696 915 763 δὲ
929 697 987 763 καὶ
1000 694 1146 781 πόλεως,
1161 704 1194 765 εἰ
1205 696 1250 785 μή
1265 722 1296 764 τι

333 803 448 890 μέλλοι
468 799 545 886 περὶ
565 793 667 885 αὐτῆς
680 797 902 885 χρηστότερον
915 796 1102 886 βουλεύειν.
1138 808 1168 868 5.
1192 796 1298 877 οὕτως

333 901 398 993 γάρ
410 899 454 971 άν
466 903 522 971 καὶ
535 900 677 989 μάλιστα
690 899 788 987 μήτι
800 902 894 978 τέλος
901 899 1143 989 εἰληφότοςτοῦ
1149 902 1297 989 πολέμου

332 1012 485 1076 συνοίσοι
498 1000 581 1090 πρός
594 999 634 1070 τά
645 1005 810 1090 μέλλοντα
822 1002 1078 1092 προθυμότερον
1091 1003 1147 1072 ἐπὶ
1162 1002 1220 1083 τὰς
1233 1002 1296 1091 μά·

333 1137 393 1198 χας
406 1105 519 1177 αὐτῶν
533 1104 701 1190 ἐξιόντων,
717 1110 748 1173 εἰ
758 1102 804 1193 μὴ
818 1112 994 1192 νομίζομεν
1006 1103 1157 1193 τούςμὲυ
1169 1116 1296 1196 θηρευ-

333 1208 447 1291 τικοὺς
460 1208 565 1287 κύνας
579 1207 746 1291 δελεάζειν
759 1203 945 1295 ἀναγκαῖον
958 1208 1124 1287 εἶναιτοῖς
1136 1223 1298 1296 κυνηγοῖς

334 1320 449 1402 αἵματι
481 1317 614 1399 θηρίων
647 1312 704 1379 καὶ
735 1325 806 1389 τοῖς
839 1313 900 1378 τοῦ
929 1312 1185 1398 συλληφθέντος
1213 1310 1298 1394 ζεόου

334 1415 556 1503 σπλάγχνοις,
579 1427 649 1491 τοῖς
672 1412 709 1481 δὲ
732 1416 851 1480 νικῶσι
869 1411 1086 1498 στρατιώταις
1099 1410 1222 1481 τάτῶν
1240 1410 1296 1500 ἡτ-

333 1520 487 1607 τημένων
500 1523 547 1595 εἰς
561 1510 753 1604 προτροπὴν
766 1510 809 1582 οὐ
821 1511 910 1601 μάλα
924 1512 966 1602 δή
979 1543 1011 1584 τι
1025 1515 1200 1604 συμφέρον
1213 1511 1295 1584 άπο-

334 1620 477 1691 διδόναι.

275 1955 324 2005 106
553 1964 555 1969 ·
632 1936 898 2006 ΚΕΦΑΛΑΙΟΝ
925 1937 993 2005 ΛΕ.

764 2111 773 2121 ·
792 2086 832 2156 α’.

333 2217 395 2277 [ΟΥ
406 2215 483 2267 ΧΡΗ
493 2212 669 2266 ΠΑΝΤΟΤΕ
687 2216 923 2269 ΕῙΠΤΡΕΠΕΙΝ
939 2217 1012 2268 ΤΑΣ
1026 2217 1215 2270 ΑΡΠΑΓΛΣ·
1233 2218 1297 2269 KAI

365 2302 429 2352 ΟΤΙ
446 2299 494 2351 ΤΑ
511 2298 664 2350 ΣΩΜΑΤΑ
682 2300 734 2351 OT
751 2302 828 2351 XPH
845 2302 1045 2364 APIIAZEIN,
1064 2302 1168 2353 AAAA
1186 2302 1262 2354 TON

568 2384 791 2438 ΣΤΡΑΤΗΓΟΝ
808 2385 1061 2445 mmmm]

384 2537 411 2595 1.
432 2521 498 2604 Τάς
518 2520 550 2592 δ’
572 2518 723 2613 ἁρπαγάς
743 2521 817 2593 οὔτ’
839 2527 893 2593 έπλ
913 2524 1019 2614 πάσης
1038 2525 1144 2614 μάχης
1163 2530 1294 2616 έπιτρε-

193 2690 203 2699 .
331 2630 432 2697 πτέον
441 2680 452 2714 ,
466 2622 544 2696 οὐδ’
558 2623 610 2694 άεὶ
624 2625 777 2715 πάντων,
791 2624 868 2697 ἀλλ’
883 2617 931 2697 τόν
943 2631 1023 2717 μέν,
1038 2619 1087 2697 τόν
1101 2626 1136 2698 δ’
1151 2626 1212 2715 οὔ,
1225 2634 1295 2699 τεόν

331 2731 369 2800 δὲ
383 2728 546 2818 σωμάτων
559 2726 692 2817 ἥκιστα·
715 2734 820 2799 ταῦτα
841 2730 877 2799 δὲ
898 2729 1101 2819 πιπράσκειν
1119 2728 1180 2801 τόν
1192 2751 1292 2821 στρα-

328 2831 442 2920 τηγόν.
464 2840 493 2900 2.
508 2836 540 2899 εἰ
553 2831 590 2900 δὲ
600 2830 779 2919 χρημάτων
794 2833 864 2901 δέοι
877 2834 934 2901 καὶ
943 2832 1094 2922 δαπάνης
1108 2840 1223 2923 κοινῆς
1236 2838 1292 2904 καλ

328 2933 494 3023 μεγάλης,
508 2933 565 3003 καὶ
578 2928 639 3002 ὅσα
653 2931 768 3021 άγεται
782 2936 840 3004 καὶ
856 2936 993 3024 φέρεται
1005 2933 1113 3006 πάνθ’
1130 2932 1175 3017 ὡς
1189 2934 1293 3008 αὐτόν

327 3036 585 3125 ἀναπέμπεσθαι
598 3038 799 3124 κηρυττέτοι.
814 3046 843 3108 3.
858 3038 951 3133 γνηόη
965 3036 997 3108 δ’
1014 3035 1291 3128 άναότὸςάριστα

328 3138 411 3228 πρός
424 3136 502 3218 τοὺς
515 3138 670 3226 καιρούς,
692 3144 725 3209 εἰ
742 3138 783 3208 τά
797 3141 906 3211 πάντα
921 3143 992 3211 δέοι
1006 3140 1212 3230 λαμβάνειν,
1227 3140 1288 3213 εἶτ’

327 3246 364 3312 έκ
380 3242 518 3328 μέρους,
534 3252 601 3310 εἴτε
613 3242 723 3329 μηθὲν
737 3232 787 3311 ὧν
800 3249 936 3331 ἔτυχεν·
956 3240 997 3315 οὗ
1010 3272 1050 3332 γε
1062 3243 1131 3335 μὴν
1144 3251 1216 3315 ἔστι
1228 3271 1289 3317 πο-

268 3370 318 3421 107
328 3344 429 3431 λέμου
442 3344 498 3410 καὶ
516 3359 586 3423 τοῖς
604 3359 731 3423 κοινοῖς
745 3344 833 3414 εἶναι
847 3346 1026 3435 χρημάτων
1040 3353 1222 3431 δαψίλειαν
1234 3351 1290 3417 καὶ

324 3462 395 3528 τοῖς
409 3444 624 3534 στρατιώταις
635 3443 888 3519 ἀνεπικώλυτον
902 3445 1087 3537 ὠφέλειαν·
1101 3448 1168 3541 ἤδη
1182 3450 1220 3521 δὲ
1232 3453 1287 3520 καὶ

324 3543 513 3640 παράνους
536 3554 605 3618 τῶν
624 3544 817 3637 ἡττημένων
842 3550 1010 3633 πλούτους
1033 3554 1090 3624 καὶ
1117 3552 1208 3640 παρὰ
1230 3550 1289 3634 τάς

310 3658 383 3726 τῶν
402 3652 521 3725 τόπων
539 3647 765 3743 εὐδαιμονίας
784 3657 820 3724 αἱ
847 3650 1008 3741 όιφέλειαλ,
1030 3676 1127 3739 σιρισι
1139 3658 1287 3737 δαψιλέ-

294 3778 424 3853 στεραι
438 3767 644 3853 γίγνονται.
