3134 4367
671 438 893 500 ΤΕΤΑΡΓΟΝ
1197 439 1255 503 123

299 638 373 700 ριον
385 606 555 690 κάκείνοις
568 604 738 699 ὀλέθριον.
769 606 842 697 μετ’
862 607 994 698 ιἰχαδής
1007 600 1070 680 οὖν
1083 621 1141 704 τῆς
1159 618 1255 686 ἐλπί-

298 720 355 795 δος
375 710 581 802 ἀγωνίζεσθε
602 707 647 793 ώς
666 708 837 801 Ῥωμαίοις
860 715 979 803 πρέπει
1008 717 1066 784 καὶ
1090 717 1252 807 σύνηθες·

298 814 386 887 οὕτω
406 815 471 905 γὰρ
491 815 571 896 τοάς
588 843 624 884 τε
645 815 837 905 βαρβάρους
862 813 1040 887 άπώσεσδε
1066 814 1177 908 ὑμεῖς,
1198 825 1285 892 καλ8

299 918 396 1008 δόξης
410 922 505 1000 κλέος
517 916 677 1009 άράμενοι
690 921 775 1008 μέγα
786 916 956 1008 Ῥωμαίοις
969 946 1004 989 τε
1018 923 1074 990 καὶ
1084 929 1185 992 πᾶσιν
1194 922 1256 994 ιἰν-

271 1054 288 1103 sa
299 1023 452 1114 θρώποις
466 1025 609 1109 δείξετε,
623 1021 684 1110 τήν
697 1049 733 1091 τε
745 1024 914 1112 προτέραν
925 1030 1025 1112 νίκην
1038 1024 1256 1114 πιστώσεσθε,

298 1122 342 1207 ώς
353 1124 398 1215 μή
414 1125 502 1217 δόλςο
516 1126 572 1194 καὶ
586 1122 693 1215 ιἰπάτη
711 1126 1048 1215 παρασπονδήσαντες
1067 1124 1257 1218 ήδικήσατε,

297 1226 382 1299 άλλδι
396 1225 443 1298 δι’
460 1225 575 1298 ὅπλων
588 1228 784 1317 νικήσαντες
797 1226 1025 1318 ἐκρατήσατε.”

400 1330 539 1401 τοιαῦτά
552 1359 628 1400 τινα
643 1331 793 1413 εἰπόντος
807 1329 928 1420 αὐτοῦ,
942 1338 977 1402 οἱ
987 1337 1184 1423 στρατιῶται
1197 1331 1259 1420 τήν

297 1432 449 1524 ἀνάγκην
468 1442 530 1503 τοῦ
551 1435 740 1523 πράγματος
760 1431 904 1523 ὁρῶντες
929 1436 1170 1525 παρετάττοντο
1192 1432 1258 1505 κάν

262 1570 283 1611 ιι
298 1554 369 1619 τοῖς
383 1534 499 1619 ὅπλοις
512 1528 608 1626 ήσαν.
652 1535 718 1627 άμα
732 1538 770 1607 δέ
782 1534 867 1630 ήλίφ
880 1534 1048 1627 ἀνίσχοντι
1062 1538 1170 1629 ἐφάνη
1179 1535 1256 1627 Ἀρ-
1271 1539 1307 1597 15

297 1642 443 1729 τάβανος
459 1638 525 1710 σὺν
541 1648 685 1733 μεγίστῳ
703 1639 827 1728 πλήθει
843 1648 996 1730 στρατοῦ.
1032 1638 1259 1730 ἀσπασάμενοι

299 1744 338 1815 δὲ
352 1742 414 1813 τὸν
427 1739 542 1832 ήλιον,
558 1740 602 1825 ώς
620 1751 699 1825 ἐθος
718 1741 850 1832 αὐτοῖς,
872 1748 907 1814 oc
925 1744 1106 1836 βάρβαροι,
1121 1751 1259 1836 μεγίστῃ

299 1875 336 1918 τε
349 1847 487 1937 ’κλαγγή
509 1846 707 1936 βοήσαντες,
724 1849 912 1935 ἐπέδραμον
934 1862 1003 1929 τοῖς
1015 1843 1185 1936 Ῥωμαίοις
1203 1876 1259 1918 το-

299 1951 454 2034 ξεύοντές
466 1977 502 2019 τε
515 1952 570 2020 καὶ
585 1950 861 2032 καθιππεάοντες.
894 1955 929 2020 ολ
940 1949 978 2019 δέ
993 1947 1145 2040 Ῥωμαῖοι
1161 1948 1259 2022 εὐτά-

261 2084 284 2125 ιι
300 2082 386 2135 κτοις
400 2055 501 2122 τεκαὶ
510 2051 666 2143 άσφαλώς
680 2053 902 2141 συστήσαντες
914 2051 972 2135 τάς
985 2055 1167 2143 φάλαγγας,
1182 2056 1260 2125 ἐκα-

299 2159 451 2245 τέρωδέν
463 2184 499 2226 τε
514 2154 591 2238 τοδς
607 2162 717 2238 ίππεῑς
729 2158 786 2226 καὶ
799 2155 878 2238 τοὺς
892 2165 1136 2248 Μαυρουσίους
1152 2185 1261 2248 παρα-

300 2262 474 2347 τάξαντες,
495 2258 535 2328 τά
553 2288 589 2329 τε
609 2258 690 2329 κενά
710 2259 944 2349 πληρώσαντες
960 2266 1028 2330 τών
1049 2260 1186 2349 κούφως
1204 2263 1261 2331 καὶ

302 2361 471 2443 εὐσταλῶς
485 2365 651 2453 ἐκτρέχειν
665 2366 875 2453 δυναμένων,
890 2363 1062 2452 δεξάμενοι
1077 2362 1156 2444 τοδς
1175 2372 1261 2453 βαρ-

302 2466 429 2555 βάρους
445 2466 614 2554 ἐμάχοντο.
667 2468 723 2535 καλ
744 2471 779 2536 ολ
796 2465 858 2554 μέν
885 2467 1049 2556 βάρβαροι
1068 2473 1113 2558 τῷ
1134 2466 1290 2554 πλήθειν

261 2598 287 2640 ιο
303 2576 373 2639 τών
396 2568 501 2651 τόξων
524 2585 592 2651 τοῖς
612 2596 648 2638 τε
666 2568 839 2657 ἐπιμήκεσι
864 2569 982 2659 δόρασι
1001 2574 1068 2637 τών
1088 2566 1261 2657 καταφρά-

302 2700 393 2742 κτων
407 2669 472 2741 άπό
486 2699 521 2741 τε
534 2677 646 2741 ἵππων
655 2673 712 2740 καὶ
721 2670 881 2760 καμήλων
890 2670 1125 2759 τιτρώσκοντες
1138 2666 1262 2751 αὖτοδς

301 2775 455 2864 μεγάλως
472 2772 610 2844 άνωθεν
631 2781 810 2864 ἔβλαπτον·
832 2778 865 2848 οἱ
886 2773 924 2844 δὲ
951 2782 1093 2862 Ρωμαῖοι
1114 2780 1182 2843 τών
1199 2774 1262 2863 μὲν

303 2876 473 2949 σνσταδὸν
485 2879 682 2967 μαχομένων
703 2880 827 2970 ῥᾳδίως
846 2876 1026 2966 ἐκράτουν,
1048 2880 1120 2947 ἐπεὶ
1140 2878 1178 2948 δέ
1198 2872 1263 2948 αά-

302 2980 383 3063 τοδς
396 2978 419 3070 ή
434 3008 470 3049 τε
483 2986 582 3063 ἵππος
595 2979 701 3068 πολλή
711 2972 796 3051 οὖσα
809 2982 865 3050 καὶ
878 2979 915 3051 τδ
930 2987 998 3050 τών
1011 2980 1169 3069 καμήλων
1178 2986 1263 3069 πλή-

262 3121 289 3163 25
305 3094 369 3165 θος
384 3088 589 3173 ἐλυμαίνετο,
600 3083 880 3175 προσποιούμενοι
893 3081 1079 3174 ἀναχωρεῖν
1087 3082 1263 3175 τριβόλους

303 3189 411 3257 τεκαὶ
427 3184 510 3259 άλλα
525 3186 601 3257 τινὰ
614 3187 819 3276 τεχνάσματα
841 3187 1009 3277 σιδήρων,
1033 3184 1191 3271 ὀξυτάτας
1210 3191 1263 3271 ἐξ·

304 3289 384 3379 οχδις
410 3298 642 3379 περικείμενα,
664 3294 854 3381 ἐρρίπτουν.
900 3290 1203 3381 παραλανθάνοντα
1226 3292 1264 3361 δέ

303 3397 343 3465 ἐν
358 3409 430 3474 ταῖς
442 3394 587 3482 ψάμμοις
602 3395 658 3462 καλ
672 3392 714 3462 οὐ
727 3392 951 3481 καθορώμενα
965 3389 1032 3462 ὑπὸ
1046 3400 1115 3463 τών
1134 3397 1263 3463 ἱππέων

304 3492 411 3585 ήτών
424 3502 615 3585 καμηλιτών
629 3493 768 3585 ὀλέθρια
789 3487 832 3583 ήν
845 3492 974 3576 αὐτοῖς·
1002 3502 1184 3576 πατοῦντες
1198 3493 1262 3583 γάρ
1279 3518 1297 3572 3

264 3634 291 3677 τι
308 3606 345 3670 οί
361 3605 473 3686 ἵπποι,
494 3605 584 3669 αἵτε
602 3598 744 3687 κάμηλοι
763 3598 919 3687 μάλιστα,
941 3605 1076 3686 ἔχουσαι
1096 3595 1206 3667 ἆπαλδι
1224 3595 1264 3665 τά

307 3693 474 3791 πέλματα,
497 3700 646 3787 ώκλαζον
667 3703 724 3770 ’καὶ
747 3700 930 3789 ἐχώλενον,
952 3702 1030 3790 τούς
1052 3728 1088 3769 τε
1110 3697 1269 3786 ἐπιβάτας

307 3801 369 3887 οδς
383 3812 509 3896 ἔφερον
526 3804 731 3879 άπεσείοντο.
766 3809 800 3879 ολ
820 3804 860 3879 δὲ
881 3807 1043 3881 ἐπέκεινα
1068 3801 1243 3893 βάρβαροι
1260 3798 1304 3870 kz
