3134 4367
698 442 851 502 TPITON
1205 440 1245 503 69

295 618 507 704 Παρθυαίων
526 640 562 683 τε
574 609 824 703 καδἈρμενίων
844 610 1092 702 καλἈτρηνῶν,
1114 613 1246 702 συμμά·

294 745 373 805 χους
385 722 500 785 αίτῶν.
530 712 548 785 ὁ
561 717 623 805 μὲν
636 707 700 786 ούν
709 714 877 806 Ἀρμένιος
890 712 1088 806 ἀπεκρίνατο
1106 720 1245 805 μηδετέ-

296 848 343 912 ρῳ
362 819 607 913 συμμαχήσειν,
634 817 809 909 ἀγαπητῶς
827 819 865 889 δὲ
884 818 924 888 τά
943 821 1244 908 ἑαυτούφυλάξειν

294 920 359 1011 ἤδη
374 923 572 1013 προσιόντος
585 924 755 1013 Σεεήρου·
770 918 789 993 ὁ
804 923 841 992 δὲ
853 931 1050 1013 Παρθυαῖος
1063 924 1244 994 ἐπιστελεῑν

267 1052 280 1093 ι
296 1033 361 1115 ἔφη
378 1041 446 1106 τοῖς
460 1026 641 1115 σατράπαις
657 1026 803 1114 δύναμιν
816 1022 1002 1115 ἀθροίζειν·
1017 1021 1105 1096 οὕτω
1117 1024 1182 1116 γάρ
1197 1038 1245 1096 ελ-

296 1138 405 1216 ωθεν,
426 1124 571 1217 ὁπηνίκα
589 1124 632 1198 ἀν
652 1135 765 1219 δεηθῇ
780 1127 921 1218 στρατὸν
934 1132 1125 1219 συλλέγειν,
1141 1136 1187 1222 τῷ
1201 1128 1245 1218 μὴ

294 1238 383 1319 ἔχειν
396 1231 629 1322 μισθοφόρους
641 1229 863 1313 καλσυνεστὸς
875 1232 1118 1323 στρατιωτικόν.
1129 1228 1244 1322 Ἀτρη-
1257 1246 1274 1300 3

293 1336 347 1405 νολ
361 1334 400 1403 δὲ
411 1325 522 1423 ἦλθον
530 1330 621 1427 αύτῷ
636 1335 763 1417 τοξόται
771 1334 946 1424 σύμμαχοι,
961 1338 1149 1426 πέμψαντος
1157 1344 1246 1419 Βαρ-

293 1444 434 1527 σημίου,
452 1433 489 1519 δς
502 1444 569 1506 τῶν
582 1437 693 1533 τόπων
706 1442 887 1528 ἐβασίλευε.
914 1437 951 1509 τό
965 1439 1002 1509 δὲ
1015 1437 1132 1510 λοιπὸν
1145 1462 1246 1529 στρα-

258 1558 279 1599 ¹⁸
293 1536 451 1610 τιιοτικόν
477 1536 636 1631 ἥθροιζεν
663 1544 699 1612 ἐκ
729 1548 799 1610 τῶν
825 1544 893 1611 ἐκεί
914 1543 1244 1640 στρατοπίδιονξπάν.

292 1652 441 1714 πλεῖστοι
465 1645 502 1713 δὲ
520 1645 577 1713 καλ
595 1650 664 1714 τῶν
677 1649 831 1733 δημοτῶν
851 1651 907 1732 τῆς
918 1643 1128 1733 Ἀντιοχείας,
1146 1645 1246 1733 μάλι-

292 1768 353 1816 στα
368 1742 436 1816 ὑπὸ
450 1746 658 1835 κουφότητος
670 1754 803 1818 νεανίαι
815 1749 872 1818 καλ
885 1754 942 1836 τῆς
958 1750 1034 1836 περὶ
1046 1745 1105 1817 τόν
1118 1756 1244 1836 Νίγρον

292 1851 466 1938 σπονδῆς,
480 1852 643 1920 ἐπέδοσαν
664 1845 787 1931 αὑτούς
807 1852 840 1932 ἐς
859 1858 1050 1943 στρατείαν,
1075 1857 1246 1940 προπετῶς

291 1947 453 2041 μᾶλλονῆ
468 1955 630 2043 ἐμπείρως
637 1960 735 2022 τοῦτο
741 1960 924 2035 ποιοῦντες.
938 1957 1070 2024 ἐκέλευε
1078 1957 1115 2026 δὲ
1121 1956 1176 2024 καλ
1182 1960 1242 2023 τοῦ
1257 1971 1275 2023 4

257 2078 278 2119 ιε
297 2054 435 2144 Ταύρου
448 2051 549 2146 όρους
560 2052 601 2124 τά
610 2055 709 2125 στενά
722 2057 778 2125 καλ
790 2057 968 2148 κρημνώδη
982 2058 1246 2146 διαφράττεσθαι

292 2164 460 2247 γενναίοις
479 2165 604 2246 τείχεσί
621 2186 657 2229 τε
676 2161 732 2228 καλ
754 2160 911 2249 ἐρύμασι,
934 2161 1108 2250 πρόβλημα
1122 2157 1246 2248 ὀχυρὸν

291 2269 436 2350 νομίζων
455 2268 524 2331 τῶν
543 2264 580 2330 ἐν
599 2267 639 2351 τῇ
660 2258 803 2353 ἀνατολῇ
826 2259 916 2332 ὁδῶν
935 2262 971 2334 τό
992 2262 1160 2351 δύσβατον
1186 2267 1245 2331 τοῦ

292 2360 408 2453 όρους·
430 2360 448 2434 ὁ
463 2360 527 2452 γάρ
545 2370 674 2453 Ταῦρος
688 2364 811 2454 μεταξύ
829 2361 877 2435 ῶν
890 2372 1128 2448 Καππαδοκίας
1141 2394 1176 2435 τε
1189 2365 1246 2433 καὶ

296 2473 451 2547 Κιλικίας
465 2473 630 2554 διακρίνει
643 2467 683 2537 τά
696 2496 731 2537 τε
744 2476 784 2559 τῇ
799 2466 909 2563 ἀρκτηι
923 2471 978 2539 καλ
991 2467 1032 2539 τόι
1045 2478 1085 2559 τῇ
1100 2467 1245 2555 ἀνατολῇ

262 2591 284 2632 2⁰
296 2578 380 2659 ἔθνη
399 2576 632 2660 προσκείμενα.
659 2570 860 2660 προύπεμψά
874 2600 909 2641 τε
923 2573 980 2641 καλ
993 2569 1149 2659 στρατιάν
1161 2594 1246 2655 προ·
1261 2594 1277 2646 5

292 2675 571 2761 καταληψομὲνην
583 2670 619 2742 τό
635 2672 836 2761 Βυζάντιον,
851 2674 950 2743 πόλιν
962 2680 1030 2742 τῶν
1043 2676 1098 2742 ἐπὶ
1114 2670 1245 2763 Θρηίκης
1343 2664 1348 2676 ’

291 2783 452 2865 μεγίστην
467 2774 542 2845 τότε
555 2777 612 2845 καλ
627 2772 825 2865 εὐδαίμονα,
849 2775 972 2864 πλήθει
991 2804 1026 2845 τε
1040 2772 1176 2867 ἀνδρῶν
1190 2776 1245 2845 καλ

291 2877 468 2969 χρημάτων
489 2875 711 2966 ἀκμάζουσαν·
739 2881 874 2968 κειμένη
894 2877 958 2968 γάρ
978 2881 1032 2949 ἐπὶ
1056 2886 1101 2974 τῷ
1121 2901 1245 2949 στενω-

291 2980 378 3075 τάτω
398 2987 457 3069 τῆς
475 2988 706 3071 Προποντίδος
724 2989 868 3076 πορθμῷ
894 2983 1072 3072 προσόδοις
1090 2999 1161 3064 ταῖς
1179 2978 1243 3051 ἀπό

259 3097 280 3142 2
292 3085 460 3173 θαλάττης
473 3092 579 3154 τελῶν
591 3112 627 3154 τε
640 3088 697 3155 καὶ
710 3082 822 3167 άλείας
835 3086 984 3176 μεγάλως
997 3083 1167 3175 ῶφελείτο,
1180 3092 1244 3173 γῆν

291 3215 327 3257 τε
340 3186 471 3275 πολλὴν
484 3190 541 3257 καὶ
555 3186 738 3278 εὐδαίμονα
759 3192 941 3280 κεκτημένη
958 3193 990 3273 ἐξ
1007 3192 1164 3281 ἑκατέρου
1177 3195 1244 3258 τῶν

292 3297 465 3379 στοιχείων
490 3298 626 3361 πλεῖστα
648 3294 850 3383 ἐκέρδαινεν.
891 3289 975 3361 ὅθεν
1005 3290 1112 3381 αὐτὴν
1137 3282 1273 3362 ούσανθ

292 3392 529 3483 δυνατωτάτην
548 3391 566 3464 ὁ
583 3401 712 3483 Νίγρος
733 3403 997 3486 προκαταλαβεῖν
1009 3392 1168 3484 ἠθέλησε,
1188 3397 1244 3464 καὶ

293 3496 433 3585 μάλιστα
447 3499 588 3582 ἐλπίζων
604 3496 773 3568 δύνασθαι
793 3498 937 3568 κωλύειν
951 3497 1011 3587 τὴν
1024 3495 1088 3568 ἀπὸ
1102 3506 1159 3586 τῆς
1172 3494 1244 3567 Εύ-
1340 3501 1344 3510 ’

261 3599 407 3688 ὓρῶπης
434 3602 467 3682 ἐς
495 3600 558 3689 τὴν
579 3596 693 3669 Ἀσίαν
718 3600 800 3671 κατὰ
817 3601 879 3671 τὸν
900 3599 1055 3691 πορθμόν
1079 3601 1242 3688 διάβασιν.

294 3699 548 3794 περιτετείχιστό
564 3732 599 3773 τε
613 3710 756 3796 γενναίῳ
770 3732 806 3774 τε
816 3707 1020 3799 καλμεγίστςο
1034 3701 1054 3792 ἡ
1068 3703 1163 3781 πόλις
1176 3706 1243 3768 τεί-

294 3832 361 3897 χει,
382 3809 594 3901 πεποιημένῳ
613 3813 757 3897 μυλίτου
776 3814 879 3881 λίθου
899 3810 933 3893 ἐς
950 3807 1163 3902 τετράγωνον
1186 3806 1258 3888 ελο-
