3134 4367
335 446 393 510 180
705 446 924 506 ΕΒΔΟΜΟΝ

333 628 371 692 ἐκ
385 646 474 700 τινος
488 616 650 710 ἀγοραίου
670 623 844 705 διαφορᾶς.
877 615 953 685 τότε
972 621 1090 686 τοίνυν
1109 619 1149 686 ἐν
1169 621 1216 709 τῇ
1235 621 1290 704 τῇς

333 730 503 811 βασιλείας
513 721 690 811 γενόμενος
700 717 839 808 ὀνόματι
852 719 1011 807 διάδοχόυ
1020 747 1055 789 τε
1065 715 1157 812 αύτῷ
1166 726 1290 808 ἔπεμψε

306 827 394 903 3καὶ
413 834 473 895 τού
496 834 620 905 ἐθνους
643 826 792 907 ἐξελθεῖν
814 826 999 893 ἐκέλευσεν.
1045 819 1064 892 δ
1091 822 1129 892 δὲ
1151 823 1237 910 πρός
1258 849 1291 891 τε

282 935 459 1018 χῖξῇταύτα
474 926 766 1019 άγανακτήσας,τῷ
780 954 815 995 τε
829 928 1008 1018 Μαξιμίνῳ
1022 927 1290 1014 καθωσιωμένος,

333 1028 396 1122 ὑφ’
420 1024 462 1102 οὗ
482 1034 538 1102 καί
560 1029 621 1120 τὴν
647 1027 830 1119 ἡγεμονίαν
854 1035 1069 1117 πεπίστευτο,
1088 1029 1212 1102 ,πάντα
1233 1026 1314 1098 τδνε

334 1132 476 1225 στρατὸν
489 1140 717 1223 συναθροίσας
734 1129 916 1213 ἀναπείσας
929 1159 965 1200 τε
981 1134 1162 1224 Μαξιμίνμ
1179 1148 1292 1223 τηρεῖν

335 1236 397 1327 τὴν
410 1244 522 1308 πίστιν
535 1240 591 1308 καλ
604 1234 663 1307 τὸν
677 1233 798 1327 ὅρκον,
813 1242 982 1325 κατῆλθεν
1001 1237 1055 1306 ἐπὶ
1074 1233 1136 1325 τὴν
1157 1242 1292 1324 Καρχη-

336 1341 420 1412 δόνα
440 1340 586 1429 δύναμιν
606 1336 699 1427 άγυν
718 1346 879 1428 μεγίστην
899 1366 934 1408 τε
960 1340 1017 1408 καὶ
1043 1345 1213 1426 γενναίων
1233 1336 1293 1407 άν-

335 1450 428 1535 δρῶν
449 1441 592 1533 ἡλικίαις
617 1439 846 1530 ἀκμάζουσαν,
872 1445 928 1512 καί
955 1448 1152 1531 παντοδαπῇ
1180 1438 1293 1512 ὅπλων

336 1554 532 1637 παρασκευῇ
553 1548 795 1636 ἐξηρτυμένην,
816 1549 971 1636 ἐμπειρίᾳ
991 1572 1027 1614 τε
1052 1552 1218 1636 πολεμικῇ
1232 1546 1291 1613 καὶ
1306 1567 1323 1607 ιι

337 1657 394 1739 τῇς
418 1649 502 1741 πρὸς
523 1648 602 1731 τούς
627 1649 819 1739 βαρβάρους
844 1649 948 1738 μάχης
970 1653 1138 1738 συνηθείᾳ
1160 1650 1293 1737 ἑτοίμην

306 1772 324 1826 4
339 1752 421 1844 πρὸς
434 1753 548 1844 μάχας.
600 1749 645 1834 ὡς
659 1752 697 1822 δέ
710 1749 879 1842 ἀπηγγέλη
900 1758 945 1845 τῇ
958 1756 1132 1842 Γορδιανῇ
1155 1747 1173 1820 ὁ
1194 1772 1293 1838 στρα-

338 1855 393 1938 τὸς
408 1854 558 1945 προσιόν
571 1863 611 1946 τῇ
629 1854 742 1943 πόλει,
757 1853 859 1936 αύτός
872 1883 907 1925 τε
921 1858 958 1925 ἐν
973 1854 1096 1947 ἐσχάτῳ
1111 1856 1182 1924 δέει
1196 1845 1251 1944 ἦν,
1264 1858 1296 1922 οἵ

338 1986 374 2028 τε
399 1959 624 2048 Καρχηδόνιοι
652 1961 891 2047 ταραχθέντες,
919 1956 1066 2045 οἰόμενοι
1101 1960 1138 2026 ἐν
1171 1956 1293 2046 πλήθει

338 2058 461 2149 ὄχλου,
477 2056 539 2129 ούκ
557 2064 595 2130 ἐν
609 2056 744 2152 εὐταξίᾳ
763 2068 907 2150 στρατοῦ
927 2059 964 2129 τδ
988 2058 1103 2131 εύελπι
1123 2067 1182 2148 τῇς
1200 2067 1293 2149 νίκης
1307 2085 1324 2126 ιε

340 2162 442 2251 εἶναι,
456 2165 622 2252 πανδημεὶ
636 2163 757 2245 πάντες
770 2167 894 2247 ἐξίασιν
912 2160 956 2244 ὡς
975 2162 1016 2252 δὴ
1038 2170 1084 2255 τῇ
1104 2172 1294 2233 Καπελλια-

338 2273 387 2359 νῇ
401 2263 659 2354 άντιταξόμενοι.
686 2265 873 2357 Γορδιανδς
888 2268 950 2356 μὲν
972 2258 1072 2336 ούυδ
1096 2267 1293 2356 πρεσβύτης,

340 2366 385 2451 ὥς
400 2371 488 2451 τινές
502 2391 623 2459 φασιν,
638 2366 706 2458 άμα
718 2378 764 2464 τῇ
778 2378 837 2459 τῇς
854 2371 1071 2461 Καρχηδόνος
1090 2373 1249 2459 ἐπιβῆναι
1261 2374 1294 2439 ἐν

340 2471 529 2562 άπογνάσει
544 2475 741 2563 γενόμενος,
761 2478 890 2544 ἐννοῶν
906 2472 968 2563 τὴν
981 2472 1126 2561 δύναμιν
1140 2481 1202 2543 τοῦ
1217 2482 1295 2543 Μα-

340 2581 488 2666 ξιμίνου,
503 2574 605 2648 οὐδὲν
620 2578 658 2647 δέ
671 2574 761 2666 δρῶν
775 2582 812 2648 ἐν
829 2578 942 2669 Λιβύη
964 2574 1141 2665 ἀξιόμαχον
1161 2575 1294 2666 ἐσόρρο-
1307 2598 1328 2638 ν

309 2697 326 2748 5
343 2707 418 2768 που,
427 2677 613 2770 άνήρτησεν
627 2679 748 2752 ἑαυτὸν
757 2683 885 2773 βρόχῳ·
899 2683 1129 2771 κρυπτομένης
1140 2680 1178 2749 δέ
1192 2677 1296 2750 αύτού

339 2790 397 2871 τῇς
413 2791 569 2872 τελευτῆς
583 2784 643 2854 τόν
663 2782 741 2854 νίδν
759 2783 865 2853 αὐτοῦ
884 2783 1154 2874 στρατηγήσοντα
1174 2782 1217 2872 δῇ
1237 2790 1296 2852 τοῦ

339 2885 493 2973 πλήθους
519 2892 655 2956 εἵλοντο.
699 2889 881 2975 γενομένης
907 2888 945 2958 δέ
974 2893 1143 2976 συμβολῆς
1174 2892 1208 2956 οί
1237 2887 1296 2975 μὲν

340 2988 565 3077 Καρχηδόνιοι
578 2985 666 3080 όχλῳ
683 2995 820 3070 πλείους
833 2980 934 3078 ἦσαν,
955 2986 1090 3059 άτακτοι
1104 2991 1142 3060 δὲ
1159 2992 1217 3059 καὶ
1236 3018 1296 3061 πο-

342 3098 488 3178 λεμικῶν
502 3097 611 3179 ἔργον
624 3088 821 3168 άπαίδευτοι
833 3088 891 3162 άτε
907 3096 945 3163 ἐν
959 3093 1075 3183 είρηυῇ
1097 3101 1223 3185 βαθείᾳ
1243 3121 1295 3163 τε·
1309 3117 1330 3159 νε

343 3197 531 3283 θραμμένοι
555 3196 682 3284 ἑορταῖς
707 3222 744 3263 τε
763 3196 820 3263 καλ
839 3212 983 3285 τρυφαῖς
1000 3198 1214 3283 σχολάζοντες
1235 3193 1295 3283 άεί,

313 3304 471 3385 σγυμνοί
487 3324 522 3366 τε
542 3293 656 3366 ὅπλων
678 3299 734 3369 καὶ
755 3294 911 3387 ὀργάνων
929 3307 1129 3388 πολεμικῶν.
1163 3303 1297 3380 ἕκαστος

344 3398 382 3469 δέ
395 3400 574 3490 ἐπεφέρετο
589 3395 760 3489 οῖκοθενῇ
779 3404 929 3491 ξιφίδιον
949 3398 971 3491 η’
992 3406 1137 3473 πέλεκυν
1160 3403 1298 3494 δοράτιά

343 3530 379 3572 τε
393 3504 430 3571 ἐκ
443 3511 672 3592 κυνηγεσίαν·
687 3504 815 3594 βύρσας
828 3533 864 3575 τε
878 3505 935 3587 τάς
945 3507 1152 3596 ἐμπεσούσας
1165 3534 1297 3599 περιτε-

336 3606 461 3695 μόντες
481 3610 538 3677 καὶ
557 3607 640 3692 ξύλα
659 3616 920 3698 καταπρίσαντες
941 3613 974 3691 ές
999 3608 1040 3678 τά
1063 3610 1296 3698 παρατυχόντα
1309 3639 1332 3681 ιο

325 3709 498 3806 σχήματα,
517 3709 564 3799 αἱς
576 3717 719 3800 ἕκαστος
733 3713 900 3802 ἐδύνατο,
918 3712 1096 3803 πρόβλημα
1110 3720 1171 3779 τοῖν
1191 3712 1298 3798 ούρα-

310 3841 372 3897 τος
387 3822 558 3899 ἐποιεῖτο.
589 3831 629 3899 οῖ
648 3824 693 3899 δὲ
717 3821 886 3915 Νομάδες
909 3814 1106 3887 ἀκοντισταί
1121 3836 1161 3875 τε
1181 3808 1328 3892 ε’θετοηοι
