3134 4367
574 452 788 515 ΕΒΔΟΜΟΝ
1102 453 1161 516 179

246 623 325 714 όμην
339 626 396 693 καὶ
404 624 467 714 τὴν
475 624 665 714 σύγκλητον
673 620 714 693 δι’
730 614 780 693 όν
790 627 1043 715 παρεφθέγγετο
1053 624 1161 717 ἄπορ-

246 742 319 815 μας,
334 743 406 808 ταῖς
419 755 454 797 τε
475 726 532 797 διόι
546 725 656 818 χειρὸς
676 725 829 809 ἀπειλαῖς
847 730 904 797 ιιαλ
924 732 1055 820 τραχέσι
1075 758 1160 820 προ-

246 830 319 901 ἶπου
331 830 497 919 νεύμασιν
510 827 555 912 ὡς
569 827 652 922 πρός
671 830 840 921 παρόντας
852 828 1041 922 ὀργισθείς,
1056 836 1160 923 ἐπαχ-

246 941 314 1003 λλει
325 932 388 1022 τὴν
404 932 458 1003 ἐπ’
472 931 613 1004 Ἰταλίαν
632 936 758 1017 ἔξοδον.
798 940 971 1024 διανείμας
990 962 1026 1005 τε
1047 932 1160 1019 αὐτοῖς

246 1036 413 1125 ἕμπλειστα
425 1037 585 1127 χρήματα,
595 1044 671 1127 μιᾶς
683 1033 807 1127 ἡμέρας
821 1037 996 1127 διαλιπών,
1006 1045 1065 1127 τῆς
1077 1034 1160 1109 ὁδοῦ

246 1166 323 1228 ζετο,
337 1141 425 1211 πολύ
438 1170 470 1210 τι
483 1149 614 1230 πλῆθος
632 1140 837 1229 ἐπαγόμενος
861 1148 1021 1231 στρατοῦ,
1042 1141 1104 1229 τήν
1123 1168 1159 1211 τε

247 1241 267 1313 ὁ
282 1239 454 1331 Ῥωμαίοις
467 1244 622 1333 δύναμιν.
675 1249 786 1314 εἵπετο
802 1243 840 1313 δὲ
852 1241 944 1338 αὐτῷ
957 1247 1014 1315 καὶ
1026 1252 1159 1332 Γερμα-
1176 1255 1209 1308 10

246 1342 355 1415 Ινοόιι
383 1343 674 1438 εὐκαταφρόνητος
694 1343 853 1436 Ιοἰριθμός,
875 1344 936 1429 οὓς
957 1363 1026 1431 τοῖς
1045 1343 1159 1429 ὅπλοις

246 1456 377 1539 χείρωτο
391 1446 414 1539 ἦ
427 1457 543 1532 πείσας
560 1454 593 1531 ές
607 1456 726 1538 φιλίαν
738 1450 796 1519 καὶ
815 1458 1005 1540 συμμαχίαν
1025 1454 1158 1539 ἐπῆκτο,

246 1559 349 1641 χαναί
365 1580 400 1622 τε
414 1556 471 1624 καὶ
484 1551 647 1642 πολεμικὰ
661 1549 808 1644 ὄργανα,
823 1557 879 1624 καὶ
894 1550 956 1624 όσα
975 1554 1060 1644 πρὸς
1079 1552 1159 1635 τούς

246 1655 392 1747 ρβόρους
411 1654 474 1726 λών
493 1659 682 1746 ἐπεφέρετο.
726 1652 828 1737 αὐτὸς
853 1656 916 1746 μὲν
943 1659 1159 1745 σχολαιτέραν

246 1754 476 1846 νόδοιπορίαν
496 1763 640 1829 ἐποιεῖτο
660 1756 717 1828 διόι
736 1756 800 1847 τὴν
821 1766 890 1829 τοῖν
908 1756 1082 1849 ὀχημάτων
1102 1761 1159 1830 καὶ

246 1867 399 1950 ιτηδείων
419 1861 631 1950 πανταχόθεν
651 1862 878 1951 συγκομιδήν·
900 1869 1075 1951 αἰφνιδίου
1090 1861 1154 1954 γὰρ
1176 1874 1203 1926 ll

246 1967 381 2055 νομένης
400 1973 458 2054 τῆς
479 1963 533 2035 ἐπ’
552 1963 693 2036 Ἰταλίαν
719 1962 821 2052 ὁδοῦ,
842 1962 905 2036 οόν
931 1970 969 2036 ἐιι
987 1973 1158 2059 προνοίας,

246 2089 314 2158 4’περ
336 2069 469 2157 είοόθει,
493 2065 569 2138 ἀλλ’
595 2072 628 2153 ἐξ
649 2066 870 2158 αὐτοσχεδίου
889 2072 945 2140 καί
964 2069 1159 2159 ἐπειγούσης

246 2179 382 2262 ηρεσίας
397 2170 436 2241 τόι
456 2172 599 2262 χρειοόδη
620 2179 666 2266 τῷ
682 2179 812 2267 στρατῷ
833 2169 1016 2262 ἠθροίζετο.
1045 2176 1159 2256 ἔδοξεν

246 2272 375 2368 ναότηῐ
388 2278 588 2364 ’προπέμψαι
609 2274 667 2358 τὰς
687 2281 755 2345 τῶν
780 2277 939 2346 Παιόνων
965 2275 1156 2366 φάλαγγας·

246 2377 410 2469 είυοιςμόιρ
420 2378 561 2466 μάλιστα
574 2383 758 2466 ἐπίστευεν,
769 2384 865 2468 οἵπερ
880 2377 985 2449 αὐτόν
997 2380 1054 2450 καὶ
1063 2385 1157 2467 προδ-

246 2531 249 2540 ·
263 2476 403 2552 ἆνείπον
417 2485 555 2571 βασιλέα
567 2486 748 2551 ἐθελονταί
759 2508 796 2551 τε
808 2478 901 2572 ’ὑπὲρ
916 2478 1022 2552 αὐτοῦ
1036 2486 1157 2551 κινδυ-

246 2583 315 2655 όειν
336 2582 570 2673 ὑπισχνοῦντο.
612 2586 788 2654 ἐκέλευσεν
810 2575 874 2653 οόν
892 2581 1006 2665 αὐτοῖς
1025 2582 1157 2670 φθάσαι

246 2716 260 2754 ν
273 2685 394 2777 λοιπὴν
407 2690 553 2777 δύναμιν
568 2683 673 2757 καὶτὰ
686 2690 724 2756 ἐν
740 2683 860 2779 Ἰταλίη
867 2693 972 2777 χωρία
987 2711 1156 2775 προκατα-

246 2797 326 2860 δεῖν.

301 2896 406 2963 ιιαοὶί
416 2895 478 2983 μὲν
491 2892 618 3020 περὶ
585 2921 645 2963 τον
664 2894 858 2981 Μαξιμίνον
872 2887 1099 2984 ωδοιπόρουν,
1116 2894 1185 2965 ἐν9

248 3024 290 3088 τη
274 2994 548 3086 Καρχηδόνι’
509 3026 572 3123 ουχ
584 3024 629 3077 ως
641 2994 868 3087 ηλπίιιεσαν
835 3024 875 3066 τα
863 2995 1060 3123 πράγματα
1073 2996 1156 3084 ἐχό-

246 3098 522 3181 ιΚαπελλιαυός
535 3099 600 3191 χόιρ
619 3128 664 3189 ην
683 3127 732 3182 τις
752 3090 876 3190 όνομα,
897 3127 966 3169 των
984 3096 1050 3169 ἀπὸ
1071 3122 1155 3189 συχ-

246 3202 340 3291 ότου,
355 3220 466 3292 ηγειτο
489 3205 527 3273 δέ
548 3210 783 3293 Μαυρουσίων
802 3232 870 3273 των
889 3198 955 3274 ὑπό
975 3199 1153 3292 Ῥωμαίοις,

246 3306 370 3397 ιμόδων
383 3307 421 3377 δὲ
433 3309 660 3396 καλουμένων.
689 3334 727 3377 το
714 3304 781 3378 δέ
801 3314 901 3387 ἔθνος
921 3310 1155 3396 στρατοπέδοις

246 3437 372 3501 φραιιτο
386 3410 443 3481 διὰ
464 3408 501 3480 τὸ
522 3418 754 3499 περικείμενον
773 3417 902 3498 πλῆθος
920 3418 1155 3500 Μαυρουσίων

246 3543 266 3584 ν
279 3514 479 3605 βαρβάρων,
500 3509 544 3594 ὥς
566 3509 609 3583 δν
624 3514 734 3601 ἐπέχοι
749 3509 864 3582 αὐτῶν
883 3510 941 3593 τὰς
963 3515 995 3595 ἐξ
1018 3516 1153 3599 ἐπιδρο-

246 3646 261 3700 ς
286 3614 446 3707 ἁρπαγάς.
506 3607 655 3705 εἶχεν
611 3644 676 3688 ουν
695 3612 758 3708 ὑφ’
784 3617 897 3714 ἓαυτφ
924 3615 1076 3703 δόυαμιυ
1105 3609 1211 3677 ουτοι

246 3746 486 3808 αταφρονητον
499 3722 767 3817 στρατιωτικήν
806 3723 898 3819 πρὸς
914 3717 1006 3811 δὴ
975 3746 1040 3790 τον
1056 3716 1208 3781 Kum-

246 3816 296 3885 δν
307 3845 432 3892 τουτον
445 3852 464 3895 ο
456 3821 685 3924 Γορδιανός
698 3828 880 3951 όιπεχθως
896 3830 1061 3903 διέκειτο
1074 3810 1235 3882 ‹mmmm›

999 3931 1074 4001 W*
