3134 4367
356 415 415 477 136
724 415 945 476 ΠΕΜΠΤΟΝ

353 616 408 658 ναι
427 585 511 676 ὑπὲρ
526 594 672 676 κεφαλῆς
685 593 744 656 τοῦ
758 584 942 675 ἀγάλματος
956 593 1012 674 τῆς
1033 592 1143 675 νίκης,
1160 583 1205 669 ῶς
1222 611 1304 659 συν-

354 690 460 773 ιόντες
483 694 516 771 ές
542 690 579 761 τὸ
600 690 839 779 βουλευτήριον
866 689 1051 778 λιβανωτόν
1074 717 1109 758 τε
1134 698 1303 779 θυμιῶσιν

353 798 487 874 ἕκαστος
507 796 564 863 καί
587 803 683 863 οῖνου
704 795 883 863 σπένδωσι.
927 794 1106 882 προσέταξέ
1124 821 1159 862 τε
1179 794 1303 875 πάντας

351 894 429 979 τούς
446 891 613 986 Ῥωμαίων
629 893 805 984 άρχοντας,
820 898 876 965 καὶ
898 906 931 965 εί
947 923 1033 977 τινες
1054 901 1217 984 δημοσίας
1236 909 1303 969 θυ-

351 1006 423 1081 σίας
436 1003 639 1087 ἐπιτελοῦσι,
654 997 719 1091 πρὸ
733 1006 801 1069 τῶν
817 996 927 1068 άλλων
941 1004 1033 1068 θεῶν
1047 994 1106 1079 ούς
1116 999 1156 1089 δή
1172 1008 1320 1071 καλοῦ-ε

351 1125 407 1172 σιν
425 1107 692 1193 ἱερουργοῦντες,
710 1098 883 1191 ὀνομάζειν
902 1102 962 1171 τὸν
978 1104 1057 1171 νέον
1071 1102 1155 1172 θεὸν
1172 1100 1303 1173 Ἐλαια-

264 1258 266 1261 ⁴
300 1206 524 1296 ..ιηγάβαλον
561 1202 605 1287 ῶς
619 1205 657 1279 δὲ
670 1204 776 1294 έςτήν
791 1202 916 1294 Ῥῶμην
931 1201 1068 1294 ἄφίκετο
1085 1211 1130 1297 τῷ
1144 1233 1304 1297 προειρη-

350 1312 439 1403 μένφ
453 1308 600 1398 σχήματι,
616 1305 717 1379 οὐδὲν
730 1308 918 1399 παράδοξον
935 1308 1027 1378 είδον
1042 1313 1076 1377 οί
1089 1304 1253 1398 Ῥωμαῖοι,
1260 1340 1302 1401 τη

319 1429 337 1483 8
351 1419 463 1503 γραφή
478 1415 709 1501 ένειθισμένοι.
763 1410 843 1493 δούς
857 1412 895 1481 δὲ
908 1409 964 1493 τάς
978 1411 1139 1500 συνήθεις
1148 1422 1194 1505 τῷ
1209 1413 1302 1507 δήμῳ

349 1513 451 1604 νομάς
464 1518 518 1585 ἐπὶ
532 1521 572 1606 τῇ
587 1523 643 1604 της
660 1522 829 1606 βασιλείας
843 1520 991 1605 διαδοχῇ,
1007 1522 1187 1604 φιλοτίμως
1201 1519 1300 1586 τεκαὶ
1316 1546 1336 1586 ιι

349 1625 537 1700 πολυτελῶς
551 1621 737 1700 ἐπιτελέσας
750 1618 962 1699 παντοδαπάς
976 1620 1075 1705 θέας,
1090 1617 1179 1687 νεῶν
1194 1647 1229 1689 τε
1241 1623 1300 1709 με’-

348 1742 462 1809 γιστον
476 1725 531 1791 καλ
545 1722 722 1792 κάλλιστον
741 1720 988 1802 κατασκευάσας
1004 1728 1049 1814 τῶ
1065 1729 1152 1815 θεῷ,
1166 1722 1301 1811 βωμούς

348 1852 383 1893 τε
397 1832 571 1906 πλείστους
581 1828 657 1915 περὶ
670 1824 729 1895 τὸν
737 1823 826 1894 νεῶν
840 1823 988 1914 ίδρύσας,
1005 1823 1157 1894 ἑκάστοτε
1170 1825 1301 1914 προῖῶν

347 1930 456 1996 ἕωθεν
467 1927 648 2016 ἑκατόμβας
656 1955 692 1997 τε
705 1928 840 2018 ταύρων
853 1930 909 1997 καὶ
923 1926 1100 2016 προβάτων
1113 1927 1200 1997 πολύ
1215 1937 1299 2018 πλή-

346 2038 408 2110 θος
421 2033 623 2118 κατέσφαττε
637 2046 704 2111 τοῖς
717 2058 753 2099 τε
768 2038 892 2119 βωμοῖς
905 2034 1062 2118 ἐπετίθει,
1077 2037 1298 2113 παντοδαποῖς
1314 2069 1335 2110 15

346 2127 496 2221 άρῶμασι
524 2131 702 2222 σωρεύων,
727 2142 824 2202 οίνου
850 2140 968 2202 τετοῦ
995 2134 1217 2204 παλαιοτάτου
1244 2137 1299 2205 καὶ

346 2243 523 2305 καλλίστου
547 2235 689 2318 πολλοὺς
717 2232 885 2326 ἀμφορέας
906 2242 973 2306 τῶν
993 2243 1116 2325 βωμῶν
1135 2241 1298 2327 προχέων,

347 2333 392 2417 ῶς
413 2342 534 2429 ῥεῖθρα
554 2341 718 2428 φέρεσθαι
741 2349 836 2409 οίνου
853 2368 889 2410 τε
908 2341 964 2408 καὶ
983 2345 1117 2427 αἵματος
1136 2343 1298 2431 μεμιγμέ-

315 2449 333 2502 9
347 2468 419 2510 νου.
446 2448 526 2530 περί
539 2469 574 2511 τε
587 2439 665 2523 τούς
678 2440 813 2532 βωμοὺς
826 2443 980 2532 ἐχόρευεν
993 2439 1059 2512 ὑπὸ
1073 2450 1298 2526 παντοδαποῖς

343 2540 434 2634 ήχοις
448 2541 619 2634 ὀργάνων,
634 2545 757 2635 γύναιά
771 2574 806 2615 τε
825 2545 981 2635 έπιχῶρια
1003 2545 1136 2635 έχόρευε
1150 2545 1216 2617 σύν
1231 2544 1295 2617 αύ-
1310 2576 1335 2616 νο

343 2653 406 2741 τῶ,
429 2651 629 2739 περιθέοντα
650 2665 717 2730 τοῖς
749 2658 891 2739 βωμοῖς,
916 2648 1068 2737 κύμβαλα
1094 2644 1116 2736 ή
1140 2649 1296 2739 τύμπανα

342 2750 424 2839 μετά
433 2768 543 2841 χεῖρας
552 2756 712 2842 φέροντα·
728 2753 948 2843 περιειστήκει
963 2752 1000 2821 δέ
1013 2748 1132 2842 πᾶσαή
1148 2752 1297 2843 σύγκλη-

343 2882 396 2934 τος
409 2856 465 2922 καὶ
480 2854 516 2924 τὸ
533 2855 671 2925 ἱππικὸν
684 2856 790 2943 τάγμα
811 2860 847 2925 ἐν
861 2856 1009 2943 θεάτρου
1025 2854 1171 2943 σχήματι.
1200 2856 1241 2925 τά
1259 2858 1297 2927 δὲ

341 2955 511 3044 σπλάγχνα
538 2964 605 3025 τῶν
632 2960 922 3046 ίερουργηθέντων
948 2956 988 3025 τά
1014 2986 1049 3027 τε
1074 2955 1231 3048 άρωματα
1259 2964 1296 3030 ἐν

341 3074 475 3147 χρυσοῖς
489 3058 644 3129 σκεύεσιν
658 3056 742 3148 ὑπὲρ
757 3067 904 3148 κεφαλῆς
919 3056 981 3129 ούκ
997 3064 1119 3131 οἰκέται
1141 3062 1184 3151 δή
1202 3091 1292 3145 τινες
1308 3084 1331 3125 2⁵

292 3155 362 3249 1οή
376 3158 518 3243 εύτελεῖς
533 3158 708 3250 ἅνθρωποι
726 3169 866 3251 ἔφερον,
882 3159 954 3232 ἀλλ’
973 3169 1007 3233 οἵ
1023 3161 1053 3233 τ’
1071 3171 1208 3254 ἔπαρχοι
1225 3174 1295 3237 τῶν

339 3268 570 3352 στρατοπέδων
583 3267 640 3334 καλ
657 3270 693 3335 οί
709 3268 746 3334 ἐν
759 3282 830 3346 ταῖς
843 3274 1012 3354 μεγίσταις
1024 3267 1198 3358 πράξεσιν,
1213 3265 1294 3340 άνε-

338 3369 496 3454 ζωσμένοι
509 3369 571 3457 μέν
583 3375 724 3456 χιτῶνας
737 3369 893 3458 ποδήρεις
902 3371 957 3439 καλ
970 3370 1185 3459 χειριδωτοὺς
1197 3373 1292 3467 νόμφ

337 3477 522 3559 Φοινίκων,
537 3474 575 3540 έν
594 3473 683 3564 μέσφ
701 3473 860 3561 φέροντες
878 3480 957 3562 μίαν
978 3474 1175 3563 πορφύραν·
1204 3471 1293 3546 ύπο-

335 3572 457 3661 δήμασι
472 3575 509 3644 δὲ
522 3581 619 3644 λίνου
629 3577 862 3666 πεποιημένοις
876 3579 1029 3666 ἐχρῶντο,
1045 3573 1207 3668 ῶσπεροί
1218 3575 1286 3649 κατ’
1305 3606 1330 3647 ιο

334 3679 445 3747 ἐκεῖνα
459 3676 498 3746 τά
511 3685 616 3767 χωρία
634 3679 912 3769 προφητεύοντες.
939 3679 1047 3750 έδόκει
1065 3680 1103 3749 δὲ
1116 3680 1215 3771 τιμήν
1228 3710 1288 3771 με·

270 3869 277 3880 ι
322 3788 451 3869 γίστην
463 3784 579 3873 νέμειν
592 3776 643 3866 οἷς
656 3783 828 3855 έκοινῶνει
841 3789 897 3873 τής
911 3787 1109 3874 ἱερουργίας.
