3134 4367
557 423 770 484 ΕΒΔΟΜΟΝ
1069 418 1135 490 187

240 598 332 663 ιοτοῦ
347 593 403 661 καὶ
417 594 529 685 ἐνδείᾳ
550 597 699 683 ῥείθρων
711 590 836 674 αύτούς
852 594 1134 685 παραστήσασθαι.

241 694 423 776 σπεσόντες
437 686 500 766 οὖν
513 705 581 767 πᾶν
601 696 638 766 τὸ
659 693 754 786 ὕδωρ
774 703 836 767 τοῦ
855 702 1081 786 στρατοπέδου
1102 702 1169 780 έςίε

240 829 273 884 pa
289 803 412 889 ῥεῖθρα
424 803 666 887 μετωχέτευον,
682 800 962 881 έκκόπτοντεςκαλ
979 801 1137 891 είσφράτ·

240 930 289 983 τες
305 900 363 982 τάς
376 906 409 983 ές
422 900 460 972 τό
480 903 706 990 στρατόπεδον
727 904 877 985 εἰσόδους
898 901 1015 973 αὐτοῦ.
1047 909 1082 973 οί
1100 905 1137 974 δὲ

240 1012 379 1076 ατιῶται
394 1002 538 1095 δρῶντες
550 1006 610 1078 τὸυ
622 1013 786 1077 κίνδυνον
807 1008 864 1077 καλ
888 1010 926 1077 ἐν
947 1003 1137 1095 ἀπογνώσει

240 1110 364 1199 όμευοι,
376 1107 434 1190 τάς
447 1109 554 1191 πύλας
568 1107 758 1193 ἀνοίξαντες
769 1113 969 1199 ἐπεξῆλθον·
984 1110 1089 1199 μάχης
1102 1137 1138 1201 τε

241 1218 341 1302 τερᾶς
351 1216 531 1302 γενομένης
540 1216 596 1283 καὶ
610 1220 720 1302 φυγῆς
733 1220 801 1283 τῶν
815 1220 970 1303 δημοτῶν
984 1216 1038 1283 ἐπὶ
1051 1211 1138 1283 πολὺ

248 1315 378 1396 πόλεως
394 1316 571 1397 διώκοντες
585 1322 620 1386 οί
630 1324 827 1404 στρατιῶται
843 1315 1049 1406 προύβησαν.
1065 1318 1136 1385 ἐπεὶ
1152 1332 1167 1383 5

240 1424 267 1488 ιί
283 1414 378 1505 όχλοι
396 1435 466 1500 ταῖς
480 1419 649 1509 συστάδην
662 1419 779 1507 μάχαις
795 1416 989 1509 ἡττώμενοι,
1008 1415 1138 1507 ἀναπη-

240 1549 305 1602 ιτες
318 1524 351 1602 ἐς
374 1520 413 1591 τὰ
434 1523 583 1611 δωμάτια
603 1531 649 1615 τῷ
668 1550 704 1592 τε
723 1523 856 1616 κεράμῳ
875 1524 1054 1611 βάλλοντες
1075 1518 1139 1591 αῦ-

242 1654 260 1706 ς
273 1627 331 1693 καὶ
344 1633 454 1695 λίθων
467 1634 582 1714 βολαῖς
595 1634 662 1696 τῶν
676 1653 711 1695 τε
734 1623 845 1696 ἀλλων
869 1624 1041 1713 ὀστράκων
1060 1629 1139 1695 έλυ-

240 1733 358 1815 ’νοντο,
367 1732 574 1817 ἐπαναβῆναι
587 1729 649 1818 μέν
663 1726 777 1810 αὐτοῖς
791 1727 837 1798 δι’
854 1725 994 1817 ἀγνοιαν
1007 1735 1075 1798 τῶν
1088 1734 1140 1797 οί-

240 1852 313 1900 ἐωυ
325 1828 388 1900 οῦκ
403 1832 587 1921 ἐτόλμησαν
609 1838 645 1903 oc
662 1839 876 1922 στρατιῶται,
896 1832 1140 1919 κεκλεισμένων

240 1940 302 2003 τῶν
315 1941 431 2004 οἰκιῶν
445 1938 502 2005 καλ
516 1943 584 2005 τῶν
598 1940 825 2026 ἐργαστηρίων
840 1953 910 2016 ταῖς
923 1935 1063 2024 θύραις,
1083 1936 1141 2004 καὶ

240 2064 315 2118 τινες
324 2028 409 2126 ῆσαν
422 2040 532 2122 ξύλων
546 2042 657 2127 ἐξοχαί
672 2043 805 2124 (πολλαὶ
818 2042 855 2111 δὲ
870 2031 969 2111 αύται
982 2036 1066 2109 κατὰ
1079 2035 1141 2125 τῆν

240 2148 306 2227 ιν),
321 2148 390 2231 πῦρ
404 2150 658 2230 προσετίθεσαν.
711 2146 815 2235 ῥᾷστα
828 2145 866 2215 δὲ
879 2141 936 2215 διά
949 2141 1140 2230 πυκνότητα
1157 2155 1173 2208 6

240 2273 251 2308 ι
270 2253 454 2315 συνοικιῶν
474 2248 607 2328 ξυλείας
625 2274 660 2316 τε
688 2255 819 2335 πλῆθος
839 2247 1026 2335 ἐπάλληλον
1045 2246 1142 2333 μέγι-

242 2374 263 2415 ν
275 2351 376 2435 μέρος
388 2355 445 2436 τῆς
459 2349 586 2429 πόλεως
606 2348 642 2419 τὸ
657 2357 726 2440 πῦρ
747 2349 912 2439 ἐνεμήθη,
934 2347 978 2431 ῶς
996 2347 1142 2429 πολλοὺς
1198 2375 1199 2379 ’

240 2452 296 2519 ’ἐκ
309 2459 483 2521 πλουσίων
497 2459 632 2541 ποιῆσαι
641 2456 793 2542 πένητας,
808 2450 1039 2541 ἀποβαλόντας
1050 2461 1142 2520 θαυ-

240 2551 292 2622 ῖτά
309 2556 366 2622 καλ
380 2551 559 2644 ἀμφιλαφῆ
573 2554 730 2643 κτῆματα,
742 2564 780 2626 ἔν
793 2584 828 2625 τε
842 2554 1021 2644 προσόδοις
1034 2561 1142 2623 πλου-

240 2684 271 2737 ις
284 2658 342 2725 καλ
355 2660 393 2726 έν
406 2665 541 2747 ποικίλη
555 2666 752 2749 πολυτελείᾳ
766 2665 866 2746 τίμια.
889 2656 1019 2745 πλῆθός
1033 2682 1068 2725 τε
1079 2652 1140 2727 ἀν-
1157 2670 1173 2724 7

240 2758 334 2829 ω’πων
347 2763 640 2886 συγκατεφλέχθη,
658 2778 782 2849 φυγεῖν
795 2758 839 2849 μῆ
854 2762 1073 2849 δυνηθέντων
1086 2758 1144 2829 διά

240 2860 294 2944 τὰς
308 2861 473 2945 ἐξόδους
455 2862 521 2934 υπὸ
542 2871 603 2934 τοῦ
623 2865 731 2952 πυρός
751 2871 1052 2955 προκατειλῆφθαι.
1082 2859 1144 2932 οῦ-

242 2994 255 3034 ι
267 2993 304 3036 τε
318 2962 393 3036 όλαι
405 2974 577 3038 πλουσίων
591 2964 727 3079 ἀνδρῶν
735 2967 983 3094 διηρπάγησαν,
1003 2970 1144 3057 ἐγκατα-

240 3069 352 3139 άντων
366 3069 506 3152 εαυτοῦς
519 3088 587 3152 τοῖς
600 3070 816 3160 στρατιώταις
834 3069 918 3162 πρός
932 3068 968 3140 τὸ
986 3066 1144 3157 ἁρπάζειν

240 3171 386 3262 ιούργων
402 3176 458 3243 καλ
472 3171 617 3245 εὐτελῶν
630 3181 793 3265 δημοτῶν.
821 3181 980 3245 τοσοῦτον
995 3173 1033 3243 δὲ
1045 3175 1143 3265 μέρος

240 3275 385 3358 πόλεως
404 3275 441 3348 τό
460 3286 528 3367 πῦρ
549 3276 778 3367 ε’λυμῆνατο
754 3308 799 3359 ως
817 3284 983 3367 μηδεμίαν
999 3284 1067 3346 τῶν
1083 3304 1143 3365 με-

240 3400 314 3450 *των
327 3380 458 3452 πόλεων
472 3377 656 3472 ὁλόκληρον
672 3383 842 3452 δύνασθαι
855 3388 900 3474 τῶ
921 3383 1015 3472 μέρει
1029 3383 1144 3464 ἐξισω-

240 3512 302 3555 ναι.
582 3486 585 3491 ’

292 3585 404 3657 καλ
370 3615 491 3675 ταμεν
507 3585 591 3656 κατὰ
611 3583 673 3675 τῆν
685 3582 811 3678 Ῥώμην
831 3593 974 3659 τοιαῦτα
990 3577 1059 3673 ἦν,
1074 3611 1094 3649 ο
1074 3579 1191 3650 ’δὶὶ

240 3687 410 3776 ἔψαυς’
385 3690 516 3773 ανύσας
533 3688 598 3783 τῆν
616 3688 826 3788 ὁδοιπορίαν
842 3696 975 3780 ἐπέστη
992 3701 1068 3763 τοῖς
1089 3686 1191 3763 Ἦλθε
1187 3720 1250 3751 mu

240 3791 350 3871 lae
323 3821 433 3884 θροις,
457 3798 577 3887 θύσας
597 3830 639 3875 τε
667 3806 713 3878 ἐπ
685 3804 833 3878 πτῶυὶ
857 3802 1051 3897 μεθορίων
1075 3779 1214 3872 WW
